@InCollection{chap:mu,
  author = 	 {Julian Bradfield and Igor Walukiewicz},
  title = 	 {The mu-calculus},
  editor = 	 {Edmund M. Clarke and Thomas A. Henzinger and Helmut Veith},
  booktitle = 	 {Handbook of Model Checking},
  publisher = 	 {Springer},
  year = 	 {2016},
  series = 	 {LNCS}
}

@InCollection{chap:bdds,
  author = 	 {Randal E. Bryant},
  title = 	 {Binary Decision Diagrams: An Algorithmic Basis for Symbolic Model Checking},
  editor = 	 {Edmund M. Clarke and Thomas A. Henzinger and Helmut Veith},
  booktitle = 	 {Handbook of Model Checking},
  publisher = 	 {Springer},
  year = 	 {2016},
  series = 	 {LNCS}
}

@InCollection{chap:temp,
  author = 	 {Nir Piterman and Amir Pnueli},
  title = 	 {Temporal Logic},
  editor = 	 {Edmund M. Clarke and Thomas A. Henzinger and Helmut Veith},
  booktitle = 	 {Handbook of Model Checking},
  publisher = 	 {Springer},
  year = 	 {2016},
  series = 	 {LNCS}
}

@InCollection{chap:rts,
  author = 	 {Kim Guldstrand Larsen and Joel Ouaknine and Patricia Bouyer and James Worrell and Uli Fahrenberg and Nicolas Markey},
  title = 	 {Verification of Real-Time Systems},
  editor = 	 {Edmund M. Clarke and Thomas A. Henzinger and Helmut Veith},
  booktitle = 	 {Handbook of Model Checking},
  publisher = 	 {Springer},
  year = 	 {2016},
  series = 	 {LNCS}
}
