
@article{CDH13,
  author    = {K. Chatterjee and
               L. Doyen and
               T.~A. Henzinger},
  title     = {A survey of partial-observation stochastic parity games},
  journal   = {Formal Methods in System Design},
  volume    = {43},
  number    = {2},
  year      = {2013},
  pages     = {268-284}
}


@inproceedings{CD10b,
  author    = "Chatterjee, K. and Doyen, L.",
  title     = "The Complexity of Partial-Observation Parity Games",
  booktitle = "Proc. of LPAR",
  publisher = "Springer",
  series    = "LNCS 6397",
  year      = "2010",
  pages     = "1-14"
}

@inproceedings{Sch06,
  author    = {Sven Schewe},
  title     = {Synthesis for Probabilistic Environments},
  booktitle = {ATVA},
  year      = {2006},
  pages     = {245-259}
}


@inproceedings{CMH06,
  author    = {Krishnendu Chatterjee and
               Rupak Majumdar and
               Thomas A. Henzinger},
  title     = {Markov Decision Processes with Multiple Objectives},
  booktitle = {STACS},
  year      = {2006},
  pages     = {325-336}
}


@inproceedings{CFW13,
  author    = {Krishnendu Chatterjee and
               Vojtech Forejt and
               Dominik Wojtczak},
  title     = {Multi-objective discounted reward verification in graphs and {MDP}s},
  booktitle = {LPAR-19},
  year      = {2013}
}


@inproceedings{BCFK13,
  author    = {Tom{\'a}s Br{\'a}zdil and
               Krishnendu Chatterjee and
               Vojtech Forejt and
               Anton\'{\i}n Kucera},
  title     = {Trading Performance for Stability in {M}arkov Decision Processes},
  booktitle = {LICS},
  year      = {2013},
  pages     = {331-340}
}

@inproceedings{BCKN12,
  author    = {Tom{\'a}s Br{\'a}zdil and
               Krishnendu Chatterjee and
               Anton\'{\i}n Kucera and
               Petr Novotn{\'y}},
  title     = {Efficient Controller Synthesis for Consumption Games with
               Multiple Resource Types},
  booktitle = {CAV},
  year      = {2012},
  pages     = {23-38}
}


@inproceedings{BBCFK11,
  author    = {Tom{\'a}s Br{\'a}zdil and
               V{\'a}clav Brozek and
               Krishnendu Chatterjee and
               Vojtech Forejt and
               Anton\'{\i}n Kucera},
  title     = {Two Views on Multiple Mean-Payoff Objectives in {M}arkov Decision
               Processes},
  booktitle = {LICS},
  year      = {2011},
  pages     = {33-42}
}

@article{EKVY08,
  author    = {Kousha Etessami and
               Marta Z. Kwiatkowska and
               Moshe Y. Vardi and
               Mihalis Yannakakis},
  title     = {Multi-Objective Model Checking of {M}arkov Decision Processes},
  journal   = {Logical Methods in Computer Science},
  volume    = {4},
  number    = {4},
  year      = {2008}
}



@inproceedings{CFKSW13,
  author    = {Taolue Chen and
               Vojtech Forejt and
               Marta Z. Kwiatkowska and
               Aistis Simaitis and
               Clemens Wiltsche},
  title     = {On Stochastic Games with Multiple Objectives},
  booktitle = {MFCS},
  year      = {2013},
  pages     = {266-277}
}

@inproceedings{FKNPQ11,
  author    = {Vojtech Forejt and
               Marta Z. Kwiatkowska and
               Gethin Norman and
               David Parker and
               Hongyang Qu},
  title     = {Quantitative Multi-objective Verification for Probabilistic
               Systems},
  booktitle = {TACAS},
  year      = {2011},
  pages     = {112-127}
}


@article{CMH08,
  author    = {K. Chatterjee and
               R. Majumdar and
               T. A. Henzinger},
  title     = {Stochastic limit-average games are in {EXPTIME}},
  journal   = {Int. J. Game Theory},
  volume    = {37},
  number    = {2},
  year      = {2008},
  pages     = {219-234}
}

@article{EY10,
  author    = {K. Etessami and
               M. Yannakakis},
  title     = {On the Complexity of {Nash} Equilibria and Other Fixed Points},
  journal   = {SIAM J. Comput.},
  volume    = {39},
  number    = {6},
  year      = {2010},
  pages     = {2531-2597}
}





@inproceedings{HKLMT11,
  author    = {K. A. Hansen and
               M. Kouck{\'y} and
               N. Lauritzen and
               P. B. Miltersen and
               E. P. Tsigaridas},
  title     = {Exact algorithms for solving stochastic games: extended
               abstract},
  booktitle = {STOC},
  year      = {2011},
  pages     = {205-214}
 
}


@article{CH14,
  author    = {K. Chatterjee and
               M. Henzinger},
  title     = {Efficient and Dynamic Algorithms for Alternating {B}{\"u}chi Games and Maximal End-component Decomposition},
  journal = {JACM},
  year ={2014}
}


@inproceedings{CDNV13,
  title       = {The Complexity of Partial-observation Stochastic Parity Games With Finite-memory Strategies},
  author      = {K. Chatterjee and L. Doyen and S. Nain and M. Y. Vardi},
  year        = {2014},
  booktitle  = {FOSSACS}
}


@article{CHP10,
  author    = {Krishnendu Chatterjee and
               Thomas A. Henzinger and
               Nir Piterman},
  title     = {Strategy logic},
  journal   = {Inf. Comput.},
  volume    = {208},
  number    = {6},
  year      = {2010},
  pages     = {677-693}
}

@inproceedings{MMV10,
  author    = {Fabio Mogavero and
               Aniello Murano and
               Moshe Y. Vardi},
  title     = {Reasoning About Strategies},
  booktitle = {FSTTCS},
  year      = {2010},
  pages     = {133-144}
}

@inproceedings{FS10,
  author    = {Bernd Finkbeiner and
               Sven Schewe},
  title     = {Coordination Logic},
  booktitle = {CSL},
  year      = {2010},
  pages     = {305-319}
}


@inproceedings{MMS13,
  author    = {Fabio Mogavero and
               Aniello Murano and
               Luigi Sauro},
  title     = {On the Boundary of Behavioral Strategies},
  booktitle = {LICS},
  year      = {2013},
  pages     = {263-272}
}



@article{BCDGR11,
  author    = {Lubos Brim and
               Jakub Chaloupka and
               Laurent Doyen and
               Raffaella Gentilini and
               Jean-Fran\c{c}ois Raskin},
  title     = {Faster algorithms for mean-payoff games},
  journal   = {Formal Methods in System Design},
  volume    = {38},
  number    = {2},
  year      = {2011},
  pages     = {97-118}
}

@inproceedings{CV12,
  author    = {Krishnendu Chatterjee and
               Yaron Velner},
  title     = {Mean-Payoff Pushdown Games},
  booktitle = {LICS},
  year      = {2012},
  pages     = {195-204}
}


@article{CD12a,
  author    = {Krishnendu Chatterjee and
               Laurent Doyen},
  title     = {Energy parity games},
  journal   = {Theor. Comput. Sci.},
  volume    = {458},
  year      = {2012},
  pages     = {49-60}
}

@inproceedings{CRR12,
  author    = {Krishnendu Chatterjee and
               Mickael Randour and
               Jean-Fran\c{c}ois Raskin},
  title     = {Strategy Synthesis for Multi-Dimensional Quantitative Objectives},
  booktitle = {CONCUR},
  year      = {2012},
  pages     = {115-131}
}

@inproceedings{CCHRS11,
  author    = {Pavol Cern{\'y} and
               Krishnendu Chatterjee and
               Thomas A. Henzinger and
               Arjun Radhakrishna and
               Rohit Singh},
  title     = {Quantitative Synthesis for Concurrent Programs},
  booktitle = {CAV},
  year      = {2011},
  pages     = {243-259}
}


@inproceedings{CV13,
  author    = {Krishnendu Chatterjee and
               Yaron Velner},
  title     = {Hyperplane Separation Technique for Multidimensional Mean-Payoff
               Games},
  booktitle = {CONCUR},
  year      = {2013},
  pages     = {500-515}
}


@inproceedings{VR11,
  author    = {Velner, Y. and
               Rabinovich, A.},
  title     = {Church Synthesis Problem for Noisy Input},
  booktitle = {Proc. of FOSSACS},
  year      = {2011},
  publisher = {Springer},
  series    = {LNCS 6604},
  pages     = {275-289}
}

@inproceedings{CDHR10,
  author    = {Chatterjee, K. and
               Doyen, L. and
               Henzinger, T.A. and
               Raskin, J.-F.},
  title     = {Generalized Mean-payoff and Energy Games},
  booktitle = {Proc. of FSTTCS},
  year      = {2010},
  pages     = {505-516},
  publisher = {Schloss Dagstuhl - LZI},
  series    = {LIPIcs 8}
}


@inproceedings{CHJ05,
  author    = {Krishnendu Chatterjee and
               Thomas A. Henzinger and
               Marcin Jurdzinski},
  title     = {Mean-Payoff Parity Games},
  booktitle = {LICS},
  year      = {2005},
  pages     = {178-187}
}



@inproceedings{NV13,
  author    = {S. Nain and
               M. Y. Vardi},
  title     = {Solving Partial-Information Stochastic Parity Games},
  booktitle = {LICS},
  year      = {2013},
  pages     = {341-348}
}

@inproceedings{CDH10a,
  author    = {Chatterjee, K. and Doyen, L. and Henzinger, T.~A.},
  title     = {Qualitative Analysis of Partially-observable {M}arkov Decision Processes},
  booktitle = {Proc. of MFCS},
  publisher = {Springer},
  series    = {LNCS 6281},
  year      = {2010},
  pages     = {258-269},
  isbn      = {978-3-642-15154-5}
}

@inproceedings{CCT13,
  author    = {K. Chatterjee and M. Chmelik and M. Tracol},
  title     = {What is Decidable about Partially Observable {M}arkov Decision Processes with omega-Regular Objectives},
  booktitle = {Proceedings of CSL 2013: Computer Science Logic},
  year      = {2013},
}




@inproceedings{CD12,
  author    = {K. Chatterjee and L. Doyen},
  title     = {Partial-Observation Stochastic Games: How to Win when Belief Fails},
  booktitle = {Proceedings of LICS 2012: Logic in Computer Science},
  publisher = {IEEE Computer Society Press},
  year      = {2012},
  pages     = {175-184},
  isbn      = {}
}

@article{CdAH11,
  author    = {Krishnendu Chatterjee and
               Luca de Alfaro and
               Thomas A. Henzinger},
  title     = {Qualitative concurrent parity games},
  journal   = {ACM Trans. Comput. Log.},
  volume    = {12},
  number    = {4},
  year      = {2011},
  pages     = {28}
}


@article{Cha12,
  author    = {Krishnendu Chatterjee},
  title     = {The complexity of stochastic {M}{\"u}ller games},
  journal   = {Inf. Comput.},
  volume    = {211},
  year      = {2012},
  pages     = {29-48}
}

@article{CH11-Survey,
  author    = {Krishnendu Chatterjee and
               Thomas A. Henzinger},
  title     = {A survey of stochastic omega-regular games},
  journal   = {J. Comput. Syst. Sci.},
  volume    = {78},
  number    = {2},
  year      = {2012},
  pages     = {394-413}
}



@inproceedings{CH12,
  author    = {Krishnendu Chatterjee and
               Monika Henzinger},
  title     = {An {{\it O}}({\it n}$^{\mbox{2}}$) time algorithm for alternating
	  {B}{\"u}chi games},
  booktitle = {SODA},
  year      = {2012},
  pages     = {1386-1399}
}

@inproceedings{CH07,
  author    = {Krishnendu Chatterjee and
               Thomas A. Henzinger},
  title     = {Assume-Guarantee Synthesis},
  booktitle = {TACAS},
  year      = {2007},
  pages     = {261-275}
}



@inproceedings{CR12,
  author    = {Krishnendu Chatterjee and
               Vishwanath Raman},
  title     = {Synthesizing Protocols for Digital Contract Signing},
  booktitle = {VMCAI},
  year      = {2012},
  pages     = {152-168}
}

@article{ChRa14,
  author    = {Krishnendu Chatterjee and
               Vishwanath Raman},
  title     = {Assume-guarantee synthesis for digital contract signing},
  journal   = {Formal Asp. Comput.},
  year      = {2014},
  volume    = {26},
  number    = {4},
  pages     = {825--859}
}

@inproceedings{CPV15,
  author    = {Krishnendu Chatterjee and Andreas Pavlogiannis and 
               Yaron Velner},
  title     = {Quantitative Interprocedural Analysis},
  booktitle = {POPL},
  year      = {2015}
}


@inproceedings{CGIP15,
  author    = {Krishnendu Chatterjee and Prateesh Goyal and Rasmus Ibsen-Jensen  and Andreas Pavlogiannis},
title ={ Faster Algorithms for Algebraic Path Properties in Recursive State Machines with Constant Treewidth},
  booktitle = {POPL},
  year      = {2015}
}

@inproceedings{BCHJ09,
  author    = {Roderick Bloem and
               Krishnendu Chatterjee and
               Thomas A. Henzinger and
               Barbara Jobstmann},
  title     = {Better Quality in Synthesis through Quantitative Objectives},
  booktitle = {CAV},
  year      = {2009},
  pages     = {140-156}
}

@inproceedings{BGHJ09,
  author    = {Roderick Bloem and
               Karin Greimel and
               Thomas A. Henzinger and
               Barbara Jobstmann},
  title     = {Synthesizing robust systems},
  booktitle = {FMCAD},
  year      = {2009},
  pages     = {85-92}
}


@inproceedings{CHJS10,
  author    = {Krishnendu Chatterjee and
               Thomas A. Henzinger and
               Barbara Jobstmann and
               Rohit Singh},
  title     = {Measuring and Synthesizing Systems in Probabilistic Environments},
  booktitle = {CAV},
  year      = {2010},
  pages     = {380-395}
}

@inproceedings{CHJ08,
  author    = {Krishnendu Chatterjee and
               Thomas A. Henzinger and
               Barbara Jobstmann},
  title     = {Environment Assumptions for Synthesis},
  booktitle = {CONCUR},
  year      = {2008},
  pages     = {147-161}
}


@inproceedings{BGLBC04,
  author    = {Christel Baier and
               Marcus Gr{\"o}{\ss}er and
               Martin Leucker and
               Benedikt Bollig and
               Frank Ciesinski},
  title     = {Controller Synthesis for Probabilistic Systems},
  booktitle = {IFIP TCS},
  year      = {2004},
  pages     = {493-506}
}



@book{
IEEE,
	title="IEEE Standard Dictionary of Electrical and Electronics Terms",
	editor="F. Jay",
	edition="fourth",
	publisher="The Institute of Electrical and Electronics Engineers",
	address="Piscataway, New Jersey",
	year="1988"
	}

        @book{
LNCS354,
	title="Linear Time, Branching Time, and Partial Order in Logics
		and Models for Concurrency",
        editor="de Bakker, J.~W. and de Roever, W.-P. and G. Rozenberg",
	series="LNCS 354",
	publisher="Springer-Verlag",
        year="1988"
        }

	@book{Billingsley,
	title="Probability and {M}easure",
	editor="P. Billingsley",
	publisher="Wiley-Interscience",
	year="1995"
	}


        @book{
LNCS600,
	title="Real Time: Theory in Practice",
        editor="de Bakker, J.~W. and K. Huizing and de Roever, W.-P. and 
        	G. Rozenberg",
        series="LNCS 600",
        publisher="Springer-Verlag",
        year="1992"
        }

	@book{
LNCS736,
	title="Hybrid Systems I",
	editor="R.~L. Grossman and A. Nerode and A.~P. Ravn and H. Rischel",
	series="LNCS 736",
	publisher="Springer-Verlag",
        year="1993"
	}

	@book{
LNCS999,
	title="Hybrid Systems II",
	editor="P. Antsaklis and A. Nerode and W. Kohn and S. Sastry",
	series="LNCS 999",
	publisher="Springer-Verlag",
        year="1995"
	}

	@phdthesis{
Abadi87,
	author="M. Abadi",
	title="Temporal-Logic Theorem Proving",
        school="Stanford University",
        year="1987"
	}

	@inproceedings{
AbadiLamport88,
        author="M. Abadi and L. Lamport",
	title="The existence of refinement mappings",
	booktitle="Proceedings of the Third Annual Symposium on 
       		Logic in Computer Science",
	publisher="IEEE Computer Society Press",
        year="1988",
	pages="165--175"
	}

	@incollection{ 
AbadiLamport90,
        author="M. Abadi and L. Lamport",
	title="Composing specifications",
	booktitle="Stepwise Refinement of Distributed Systems: Models,
		Formalism, Correctness",
        editor="de Bakker, J.~W. and de Roever, W.-P. and G. Rozenberg",
	series="LNCS 430",
	publisher="Springer-Verlag",
        year="1990"
        }

	@article{
AbadiLamport91,
        author="M. Abadi and L. Lamport",
	title="The existence of refinement mappings",
	journal="Theoretical Computer Science",
        volume="82",
	number="2",
        year="1991",
	pages="253--284"
	}

  @article{CMH05,
        author="K. Chatterjee and R. Majumdar and T.~A. Henzinger",
        title= "Stochastic limit-average games are in {E}XPTIME",
	journal="International Journal in Game Theory",
	note="(To appear)",
        year="2007"
        }


@article{CH11,
        author="K. Chatterjee and T.~A. Henzinger",
        title= "A Survey of Stochastic omega-regular Games ",
	journal="JCSS",
	note="Accepted 2007, To appear 2011",
        year="2011",
        }

	@article{ vonStengel99,
	author="B. von Stengel",
	title="Computing equilibria for two-person games",
	journal="Chapter 45, Handbook of Game Theory",
	volume="3",
	year="2002",
	pages="1723--1759",
	note="(editors R.J. Aumann and S. Hart)"
       } 



@inproceedings{BFLMS08,
  author    = {P. Bouyer and U. Fahrenberg and K.~G. Larsen and N. Markey and J. Srba},
  title     = {Infinite Runs in Weighted Timed Automata with Energy Constraints},
  booktitle = {Proc. of FORMATS},
  publisher = {Springer},
  series    = {LNCS 5215},
  pages     = {33-47},
  year      = {2008},
  isbn      = {978-3-540-85777-8}
}

	@article{ MaitraSudderth98,
	author="A. Maitra and W. Sudderth",
	title=" Finitely additive stochastic games with borel measurable payoffs",
	journal="International Journal of Game Theory",
	volume="3",
	year="1998",
	pages="257-267"
	}

	@article{RF91,
	author ="T.~E.~S. Raghavan and J.~A. Filar",
	title  ="Algorithms for Stochastic Games --- A Survey",
	journal="ZOR --- Methods and Models of Operations Research",
	year ="1991",
	volume = "35",
	pages ="437--472"
}

	@article{Fink64,
	author="A.~M. Fink",
	title=" Equilibrium in a stochastic n-person game",
	journal=" Journal of Science of Hiroshima University",
	volume="28",
	year="1964",
	pages="89--93"
	}

        @incollection{
AbadiLamport92,
        author="M. Abadi and L. Lamport",
        title="An old-fashioned recipe for real time",
        booktitle="Real Time: Theory in Practice",
        editor="de Bakker, J.~W. and K. Huizing and de Roever, W.-P. and 
        	G. Rozenberg",
        series="LNCS 600",
        publisher="Springer-Verlag",
        year="1992",
	pages="1--27"
        }

	@article{
AbadiLamport93,
        author="M. Abadi and L. Lamport",
	title="Composing Specifications",
	journal="ACM Transactions on Programming Languages and Systems",
        volume="15",
	number="1",
        year="1993",
	pages="73--132"
	}

        @article{
AbadiLamport94,
        author="M. Abadi and L. Lamport",
        title="An old-fashioned recipe for real time",
	journal="ACM Transactions on Programming Languages and Systems",
        volume="16",
	number="5",
        year="1994",
	pages="1543--1571"
	}

	@article{
AbadiLamport95,
        author="M. Abadi and L. Lamport",
	title="Conjoining Specifications",
	journal="ACM Transactions on Programming Languages and Systems",
        volume="17",
	number="3",
        year="1995",
	pages="507--534"
	}

	@inproceedings{
AbdullaJonsson93,
        author="P. Abdulla and B. Jonsson",
	title="Verifying programs with unreliable channels",
	booktitle="Proceedings of the Eighth Annual Symposium on 
       		Logic in Computer Science",
	publisher="IEEE Computer Society Press",
        year="1993",
	pages="160--170"
	}

	@inproceedings{
AbdullaJonsson98,
        author="P. Abdulla and B. Jonsson",
	title="Verifying networks of timed automata",
	booktitle="TACAS 98: Tools and
		Algorithms for Construction and Analysis of Systems", 
	series="LNCS 1384",
	publisher="Springer-Verlag",
        year="1998",
	pages="298--312"
	}

	@inproceedings{
ACJY96,
        author="P.~A. Abdulla and K. {\v{C}}er\={a}ns and B. Jonsson and Yih-Kuan Tsay",
	title="General decidability theorems for infinite-state systems",
	booktitle="Proceedings of the Eleventh Annual Symposium on 
       		Logic in Computer Science",
	publisher="IEEE Computer Society Press",
        year="1996",
	pages="313--321"
	}

	@article{
ACJY97,
        author="P.~A. Abdulla and K. \v{C}er\={a}ns and B. Jonsson and Yih-Kuan Tsay",
	title="Algorithmic analysis of programs with well quasi-ordered domains",
	journal="Journal of Information and Computation",
	note="To appear",
	year="1999"
	}

	@article{
Abramsky87,
	author="S. Abramsky",
	title="Observation equivalence as a testing equivalence",
	journal="Theoretical Computer Science",
	volume="53",
	year="1987",
	pages="225--241"
	}

	@inproceedings{
AggarwalKurshan83,
	author="S. Aggarwal and R.~P. Kurshan",
	title="Modeling elapsed time in protocol specification",
	booktitle="Proceedings of the Third IFIP WG6.1 International
        	Workshop on Protocol Specification, Testing, and 
		Verification",
	editor="H. Rudin and C.H. West",
	publisher="Elsevier Science Publishers",
	year="1983",
	pages="51--62"
	}

        @inproceedings{
dAH00,
        author="L. de Alfaro and T.~A. Henzinger",
        title="Concurrent omega-regular games",
        booktitle="LICS'00",
        publisher="IEEE",
        year="2000",
        pages="141--154"
        }	
@inproceedings{
dAK00,
        author = "L. de Alfaro and M. Kwiatkowska and G. Norman and
                    D. Parker and R. Segala",
        title = "Symbolic Model Checking of Concurrent Probabilistic
                Processes Using {MTBDDs} and the {Kronecker} Representation",
        booktitle = "{TACAS 00}: Tools and Algorithms for the
            Construction and Analysis of Systems",
        year = 2000,
        series = "Lecture Notes in Computer Science",
        volume = "1785",
        pages = "395--410",
        publisher = "Springer-Verlag"
        }
	@article{
ADS86,
        author="B. Alpern and A.~J. Demers and F.B. Schneider",
	title="Safety without stuttering",
	journal="Information Processing Letters",
        volume="23",
	number="4",
        year="1986",
	pages="177--180"
        }

	@article{
AlpernSchneider85,
        author="B. Alpern and F.B. Schneider",
	title="Defining liveness",
	journal="Information Processing Letters",
        volume="21",
	number="4",
        year="1985",
	pages="181--185"
        }

	@phdthesis{
Alur91,
	author="R. Alur",
	title="Techniques for Automatic Verification of Real-time Systems",
        school="Stanford University",
        year="1991"
	}

	@inproceedings{
AAT94,
	author="R. Alur and H. Attiya and G. Taubenfeld",
	title="Time-adaptive algorithms for synchronization",
	booktitle="Proceedings of the 26th Annual Symposium on
		Theory of Computing",
	publisher="ACM Press",
        year="1994"
	}

	@inproceedings{
ACD90,
        author="R. Alur and C. Courcoubetis and D.~L. Dill",
	title="Model checking for real-time systems",
	booktitle="Proceedings of the Fifth Annual Symposium on 
     		Logic in Computer Science",
	publisher="IEEE Computer Society Press",
        year="1990",
	pages="414--425"
	}

	@article{
ACD93,
        author="R. Alur and C. Courcoubetis and D.~L. Dill",
	title="Model checking in dense real time",
	journal="Information and Computation",
	volume="104",
	number="1",
	year="1993",
	pages="2--34"
	}

	@incollection{
ACH92,
	author="R. Alur and C. Courcoubetis and N. Halbwachs and
		D.~L. Dill and {Wong-Toi}, H.",
	title="Minimization of timed transition systems",
	editor="R.J. Cleaveland",
	booktitle="CONCUR 92: Theories of Concurrency",
	series="LNCS 630",
	publisher="Springer-Verlag",
	year="1992",
	pages="340--354"
	}
        @article{
ACHH95,
        author="R. Alur and C. Courcoubetis and N. Halbwachs and
                T.~A. Henzinger and P.-H. Ho and X. Nicollin and
                A. Olivero and J. Sifakis and S. Yovine",
        title="The algorithmic analysis of hybrid systems",
        journal="Theoretical Computer Science",
        volume="138",
        year="1995",
        pages="3--34"
        }

	@incollection{
AlurDill90,
        author="R. Alur and D.~L. Dill",
	title="Automata for modeling real-time systems",
	booktitle="ICALP 90: Automata, Languages, and Programming",
	editor="M.S. Paterson",
	series="LNCS 443",
	publisher="Springer-Verlag",
        year="1990",
	pages="322--335"
	}

	@article{
AlurDill94,
	author="R. Alur and D.~L. Dill",
	title="A theory of timed automata",
	journal="Theoretical Computer Science",
	year="1994",
	volume="126",
	pages="183--235"
	}
        @article{
AHH96,
        author="R. Alur and T.~A. Henzinger and P.-H. Ho",
        title="Automatic symbolic verification of embedded systems",
        journal="IEEE Transactions on Software Engineering",
        volume="22",
        number="3",
        year="1996",
        pages="181--201"
        }
        @article{
AHK02,
        author="R. Alur and T.~A. Henzinger and O. Kupferman",
        title="Alternating-time temporal logic",
        journal="Journal of the ACM",
        volume="49",
        year="2002",
        pages="672--713"
        }
        

        @incollection{
AHKV98,
        author="R. Alur and T.~A. Henzinger and O. Kupferman and M.Y. Vardi",
        title="Alternating refinement relations",
        booktitle="CONCUR'98",
        series="LNCS 1466",
        publisher="Springer",
        year="1998",
        pages="163--178"
        }

	@incollection{
AIKY92,
	author="R. Alur and A. Itai and R.~P. Kurshan and M. Yannakakis",
	title="Timing verification by successive approximation",
	booktitle="CAV 92: Computer-aided Verification",
	editor="G. von Bochmann and D.K. Probst",
	series="LNCS 663",
	publisher="Springer-Verlag",
	year="1992",
	pages="137--150"
	}

	@article{
AIKY95,
        author="R. Alur and A. Itai and R.~P. Kurshan and M. Yannakakis",
        title="Timing verification by successive approximation",
        journal="Information and Computation",
        volume="118",
        number="1",
        year="1995",
        pages="142--157"
	}

	@inproceedings{
AlurKurshan96,
	author="R. Alur and R.~P. Kurshan",
	title="Timing analysis in {\sc {C}ospan}",
	booktitle="Hybrid Systems III",
	editor="R. Alur and T.~A. Henzinger and E.D. Sontag",
	series="LNCS 1066",
	publisher="Springer-Verlag",
        year="1996",
        pages="220--231"
	}

	@book{
Andrews91,
	author="G.R. Andrews",
	title="Concurrent Programming: Principles and Practice",
	publisher="Benjamin/Cummings",
	year="1991"
	}
	
	@article{
AFdR80,
	author="K.R. Apt and N. Francez and de Roever, W.-P.",
	title="A proof system for communicating sequential processes",
	journal="ACM Transactions on Programming Languages and Systems",
	volume="2",
	year="1980",
	pages="359--385"
	}

	@article{
AFK88,
        author="K.R. Apt and N. Francez and S. Katz",
	title="Appraising fairness in languages for distributed programming",
	journal="Distributed Computing",
        volume="2",
	number="4",
        year="1988",
	pages="226--241"
        }

	@book{
AptOlderog91,
	author="K.R. Apt and Olderog, E.-R.",
	title="Verification of Sequential and Concurrent Programs",
	publisher="Springer-Verlag",
	year="1991"
	}

	@incollection{
ABK97,
	author="E. Asarin and M. Bozga and A. Kerbrat and O. Maler and 
		A. Pnueli and A. Rasse",
	title="Data structures for the verification of timed automata", 
	booktitle="HART 97: Hybrid and Real-time Systems",
	editor="O. Maler",
	series="LNCS 1201",
	publisher="Springer-Verlag",
        year="1997",
	pages="346--360"
	}

	@article{
AJ96,
	author="P. Abdulla and B. Jonsson",
	title="Verifying Programs with Unreliable Channels",
	journal="Information and Computation",
	volume="127",
	year="1996",
	pages="91--101"
	}

	@article{
AMP95,
        author="E. Asarin and O. Maler and A. Pnueli",
        title="On the analysis of dynamical systems having piecewise-constant 
                derivatives",
        journal="Theoretical Computer Science",
        volume="238",
        year="1995",
        pages="35-65"
        }

	@incollection{
AMP96,
	author="E. Asarin and O. Maler and A. Pnueli",
	title="Symbolic controller synthesis for discrete and timed systems", 
	booktitle="Hybrid Systems II",
	editor="P. Antsaklis and A. Nerode and W. Kohn and S. Sastry",
	series="LNCS 999",
	publisher="Springer-Verlag",
        year="1995",
	pages="1--20"
	}
	@book{
ASU86,
        author="A.V. Aho and R. Sethi and J.D. Ullman",
        title="Compilers: Principles, Techniques, and Tools",
        publisher="Addison-Wesley",
        year="1986"
        }
@incollection{BallRajamaniSpin00,
        author="T. Ball and S. K. Rajamani",
        title="Bebop: A Symbolic Model Checker for {B}oolean Programs",
        booktitle="SPIN 00: SPIN Workshop",
        series="LNCS 1885",
        publisher="Springer-Verlag",
        pages = {113-130},
        year="2000"
        }

@inproceedings{BallRajamaniSpin01,
  title = {Automatically Validating Temporal Safety Properties of Interfaces},
  author = {T. Ball and S. K. Rajamani},
  booktitle = {SPIN 2001: SPIN Workshop},
  series = {LNCS 2057},
  publisher = {Springer-Verlag},
  pages = {103--122},
  year = {2001}
}
@article{Basu99,
        author = "S. Basu",
        title  = "New Results on Quantifier Elimination over Real Closed Fields and Applications to Constraint D
atabases",
        journal = "Journal of the {ACM}",
        volume = "46(4)",
        pages = "537--555",
        year = 1999
        }
@article{BasuPollackRoy96,
        author = "S. Basu and R. Pollack and M.-F. Roy",
        title = "On the Combinatorial and Algebraic Complexity of Quantifier Elimination",
        journal = "Journal of the {ACM}",
        volume = "43(6)",
        pages = "1002--1045",
        year = 1996
        }
@inproceedings{BB87,
         author = "B. Banieqbal and H. Barringer",
         title = "Temporal logic with fixed points",
         booktitle = "Temporal Logic in Specification",
         editor = "B. Banieqbal and H. Barringer and A. Pnueli",
         series = "Lecture Notes in Computer Science",
         volume =  398,
         publisher = "Springer-Verlag",
         year = 1987,
         pages = "62--74"
        }

@article{BG03,
	author= "D. Bustan and O. Grumberg",
  	year = "2003",
	title="Simulation-based minimization",
	journal ="ACM Transactions on Computational Logic",
	volume="4",
  	pages="181--206"
	}

	@incollection{
BGM93,
        author="A. Back and J. Guckenheimer and M. Myers",
        title="A dynamical simulation facility for hybrid systems",
	booktitle="Hybrid Systems",
	editor="R.~L. Grossman and A. Nerode and A.~P. Ravn and H. Rischel",
	series="LNCS 736",
	publisher="Springer-Verlag",
        year="1993",
        pages="255--267"
	}

        @article{
BaetenBergstra91,
        author="J.C.M. Baeten and J.~A. Bergstra",
	title="Real-time process algebra",
	journal="Formal Aspects of Computing",
        volume="3",
	number="2",
        year="1991",
	pages="142--188"
        }

	@book{
BaetenWeijland90,
	author="J.C.M. Baeten and W.P. Weijland",
	title="Process Algebra",
	publisher="Cambridge University Press",
	year="1990"
	}

	@incollection{
Barringer87,
	author="H. Barringer",
	title="The use of temporal logic in the compositional specification
		of concurrent systems",
	booktitle="Temporal Logics and their Applications",
	editor="A. Galton",
	publisher="Academic Press",
	year="1987",
	pages="53--90"
	}

	@inproceedings{
BKP84,
	author="H. Barringer and R. Kuiper and A. Pnueli",
	title="Now you may compose temporal-logic specifications",
	booktitle="Proceedings of the 16th Annual Symposium on
		Theory of Computing",
	publisher="ACM Press",
        year="1984",
	pages="51--63"
	}

	@inproceedings{
BKP86,
	author="H. Barringer and R. Kuiper and A. Pnueli",
	title="A really abstract concurrent model and its temporal logic",
	booktitle="Proceedings of the 13th Annual Symposium on
		Principles of Programming Languages",
	publisher="ACM Press",
        year="1986",
	pages="173--183"
	}

	@book{
BenAri90,
	author="{Ben-Ari}, M.",
	title="Principles of Concurrent and Distributed Programming",
	publisher="Prentice-Hall",
	year="1990"
	}

	@inproceedings{
BGP97,
	author="T. Bultan and R. Gerber and W. Pugh",
	title="Symbolic model checking of infinite systems using
		Presburger arithmetic",
	booktitle="CAV 97: Computer-Aided Verification", 
	series="LNCS 1254",
	publisher="Springer-Verlag",
        year="1997",
	pages="400--411"
	}
	
	@inproceedings{
BLV96,
	author="N. Buhrke and H. Lescow and J. Voge",
	title="Strategy construction in infinite games with
                       Streett and Rabin chain winning conditions",
	booktitle="TACAS 96: Tools and
		Algorithms for Construction and Analysis of Systems", 
	series="LNCS 1055",
	publisher="Springer-Verlag",
        year="1996",
	pages="207--224"
	}

	@inproceedings{
BMP81,
        author="{Ben-Ari}, M. and Z. Manna and A. Pnueli",
	title="The temporal logic of branching time",
	booktitle="Proceedings of the Eighth Annual Symposium on
		Principles of Programming Languages",
	publisher="ACM Press",
        year="1981",
	pages="164--176"
	}

	@incollection{
BGK96,
	author="J. Bengtsson and W.O.D. Griffioen and K.J. Kristoffersen and 
        	K.G. Larsen and F. Larsson and P. Pettersson and W. Yi",
	title="Verification of an audio protocol with bus collision using 
		{\sc {U}ppaal}",
	booktitle="CAV 96: Computer-aided Verification",
	editor="R. Alur and T.~A. Henzinger",
	series="LNCS 1102",
	publisher="Springer-Verlag",
        year="1996",
	pages="244--256"
	}

	@inproceedings{
BLL96,
	author="J. Bengtsson and K.G. Larsen and F. Larsson and P. Pettersson
		and W. Yi",
	title="{\sc {U}ppaal}: a tool-suite for automatic verification of 
		real-time systems",
	booktitle="Hybrid Systems III",
	editor="R. Alur and T.~A. Henzinger and E.D. Sontag",
	series="LNCS 1066",
	publisher="Springer-Verlag",
        year="1996",
        pages="232--243"
	}

	@inproceedings{
BBLS92,
	author="S. Bensalem and A. Bouajjani and C. Loiseaux and J. Sifakis",
	title="Property-preserving simulations",
	booktitle="CAV 92: Computer-aided Verification",
	editor="G. von Bochmann and D.K. Probst",
	series="LNCS 663",
	publisher="Springer-Verlag",
	year="1992",
	pages="260--273"
	}

	@article{
Berman80,
	author="L. Berman",
	year="1980",
	title="The complexity of logical theories",
	journal="Theoretical Computer Science",
	volume="11", 
	pages="71--77"
	}

	@incollection{
BEM97,
	author="A. Bouajjani and J. Esparza and O. Maler",
	title="Reachability analysis of pushdown automata: application to 
		model checking",
	booktitle="CONCUR 97: Concurrency Theory",
	series="LNCS 1243",
	publisher="Springer-Verlag",
	year="1994",
	pages="135--150"
	}
@InProceedings{Boigelot:1994:CAV,
        author    = "Boigelot, B. and Wolper, P.",
        title     = "Symbolic Verification with Periodic Sets",
        booktitle = "CAV 94: Computer-Aided Verification",
        volume    = "818",
        series    = "Lecture Notes in Computer Science",
        publisher = "Springer-Verlag",
        pages     = "55--67",
        year      = "1994",
}

@InProceedings{Boigelot:1996:CAV,
        author    = "Boigelot, B. and Godefroid, P.",
        title     = "Symbolic Verification of Communication Protocols with
                     Infinite State Spaces Using QDDs",
        booktitle = "CAV 96: Computer-Aided Verification",
        volume    = "1102",
        series    = "Lecture Notes in Computer Science",
        publisher = "Springer-Verlag",
        pages     = "1--12",
        year      = "1996",
}

@InProceedings{Comon:1998:CAV,
        author    = "Comon, H. and Jurski, Y.",
        title     = "Multiple counters automata, safety analysis and
                     {Presburger} arithmetic",
        booktitle = "CAV 98: Computer-Aided Verification",
        volume    = "1427",
        series    = "Lecture Notes in Computer Science",
        pages     = "268--279",
        publisher = "Springer-Verlag",
        year      = "1998",
}

@Article{Bouajjani:1999:TCS,
        author  = "Bouajjani, A. and Habermehl, P.",
        title   = "Symbolic reachability analysis of {FIFO}-channel systems
                   with nonregular sets of configurations",
        journal = "Theoretical Computer Science",
        volume  = "221",
        number  = "1--2",
        pages   = "211--250",
        year    = "1999",
        }

	@incollection{
BS94,
	author="O. Burkart and B. Steffen",
	title="Pushdown processes: parallel composition and model checking",
	booktitle="CONCUR 94: Concurrency Theory",
	series="LNCS 836",
	publisher="Springer-Verlag",
	year="1994",
	pages="98--113"
	}
	
	@incollection{
BVW94,
	author="O. Bernholtz and M.Y. Vardi and P. Wolper",
	title="An automata-theoretic approach to branching-time model 
        	checking",
	booktitle="CAV 94: Computer-aided Verification",
	editor="D.~L. Dill",
	series="LNCS",
	publisher="Springer-Verlag",
	year="1994",
	pages="142--155"
	}

	@inproceedings{
BernsteinHarter81,
        author="A. Bernstein and Harter, Jr., P.K.",
	title="Proving real-time properties of programs with temporal logic",
	booktitle="Proceedings of the Eighth Annual Symposium on 
        	Operating System Principles",
	publisher="ACM Press",
        year="1981",
	pages="1--11"
	}

        @techreport{
BerryGonthier88,
        author="G. Berry and G. Gonthier",
        title="The Synchronous Programming Language {\sc {E}sterel}: Design, 
        	Semantics, Implementation",
	institution="INRIA",
	number="842",
	year="1988"
	}

	@inproceedings{
BRS93,
        author="G. Berry and S. Ramesh and R.K. Shyamasundar",
	title="Communicating reactive processes",
	booktitle="Proceedings of the 20th Annual Symposium on
		Principles of Programming Languages",
	publisher="ACM Press",
        year="1993",
	pages="85--98"
	}

	@article{
BerthomieuDiaz91,
	author="B. Berthomieu and M. Diaz",
	title="Modeling and verification of time-dependent systems using
		time {Petri} nets",
	journal="IEEE Transactions on Software Engineering",
        volume="SE-17",
	number="3",
        year="1991",
	pages="259--273"
        }

        @inproceedings{
BC96,
        author="G. Bhat and R. Cleaveland",
        title="Efficient model checking via the equational $\mu$-calculus",
        booktitle="Proceedings of the Eleventh Annual Symposium on
                Logic in Computer Science",
        publisher="IEEE Computer Society Press",
        year="1996",
        pages="304--312"
        }

	@inproceedings{
BhatCleaveland96,
	author="G. Bhat and R. Cleaveland",
	title="Efficient local model-checking for fragments of the modal
		$\mu$-calculus",
	booktitle="Proceedings of the International Conference on Tools and
		Algorithms for Construction and Analysis of Systems", 
	series="LNCS",
	publisher="Springer-Verlag",
        year="1996",
	pages="107--126"
	}

	@incollection{
BBC96,
	author="N. Bj{\o}rner and A. Browne and E. Chang and M. Col\'on and 
		A. Kapur and Z. Manna and H.B. Sipma and T.E. Uribe",
	title="{\sc {S}{T}e{P}}: deductive-algorithmic verification of 
		reactive and real-time systems",
	booktitle="CAV 96: Computer-aided Verification",
	editor="R. Alur and T.~A. Henzinger",
	series="LNCS 1102",
	publisher="Springer-Verlag",
        year="1996",
	pages="415--418"
	}

	@phdthesis{
Bloom89,
	author="B. Bloom",
	title="Ready simulation, bisimulation, and the semantics of 
		{CCS}-like languages",
	school="MIT",
	year="1989"
	}

	@inproceedings{
BIM88,
	author="B. Bloom and S. Istrail and A.R. Meyer",
	title="Bisimulation can't be traced",
	booktitle="Proceedings of the 15th Annual Symposium on
		Principles of Programming Languages",
	publisher="ACM Press",
        year="1988",
	pages="229--239"
	}

	@article{
BloomPaige95,
        author="B. Bloom and R. Paige",
        title="Transformational design and implementation of a new efficient 
		solution to the ready simulation problem",
        journal="Science of Computer Programming",
	volume="24",
	number="3",
        year="1995",
	pages="189--220"
        }

	@incollection{
BPV94,
	author="D. Bosscher and I. Polak and F. Vaandrager",
	title="Verification of an audio-control protocol",
	booktitle="FTRTFT 94: Formal Techniques in Real-time and 
		Fault-tolerant Systems",
	editor="H. Langmaack and de Roever, W.-P. and J. Vytopil",
	series="LNCS 863",
	publisher="Springer-Verlag",
        year="1994",
	pages="170--192"
	}

	@incollection{
BER94cav,
	author="A. Bouajjani and R. Echahed and R. Robbana",
	title="Verification of context-free timed systems using linear hybrid
                observers",
	booktitle="CAV 94: Computer-aided Verification",
	editor="D.~L. Dill",
	series="LNCS",
	publisher="Springer-Verlag",
	year="1994",
        pages="118--131"
	}

	@incollection{
BER94ftrtft,
	author="A. Bouajjani and R. Echahed and R. Robbana",
	title="Verifying invariance properties of timed systems with duration 
		variables",
	booktitle="FTRTFT 94: Formal Techniques in Real-time and 
		Fault-tolerant Systems",
	editor="H. Langmaack and de Roever, W.-P. and J. Vytopil",
	series="LNCS 863",
	publisher="Springer-Verlag",
        year="1994",
	pages="193--210"
	}

	@inproceedings{
BES93,
	author="A. Bouajjani and R. Echahed and J. Sifakis",
	title="On model checking for real-time properties with durations",
	booktitle="Proceedings of the Eighth Annual Symposium on
		Logic in Computer Science",
	publisher="IEEE Computer Society Press",
	year="1993",
	pages="147--159"
	}

	@incollection{
BFH90,
	author="A. Bouajjani and Fernandez, J.-C. and N. Halbwachs",
 	title="Minimal model generation",
	booktitle="CAV 90: Computer-aided Verification",
	editor="R.~P. Kurshan and E.M. Clarke",
	series="LNCS 531",
	publisher="Springer-Verlag",
	year="1990",
	pages="197--203"
	}

	@incollection{
BouajjaniRobbana95,
	author="A. Bouajjani and R. Robbana",
	title="Verifying $\omega$-regular properties for subclasses of linear 
		hybrid systems",
	booktitle="CAV 95: Computer-aided Verification",
	editor="P. Wolper",
	series="LNCS 939",
	publisher="Springer-Verlag",
        year="1995",
	pages="437--450"
	}

        @inproceedings{
Bourdoncle93,
        author="F. Bourdoncle",
        title="Abstract debugging of higher-order imperative languages",
        booktitle="Proceedings of the Annual Conference on Programming
		Language Design and Implementation",
        publisher="ACM Press",
        year="1993",
        pages="46--55"
        }

	@book{
BrinchHansen77,
	author="{Brinch Hansen}, P.",
	title="The Architecture of Concurrent Programs",
	publisher="Prentice-Hall",
	year="1977"
	}

	@article{
BCG88,
	author="M.C. Browne and E.M. Clarke and O. Grumberg",
	title="Characterizing finite {K}ripke structures in propositional 
	        temporal logic",
	journal="Theoretical Computer Science",
	volume="59",
	year="1988",
	pages="115--131"
	}

	@article{
Bryant86,
	author="R.E. Bryant",
	title="Graph-based algorithms for boolean function manipulation",
	journal="IEEE Transactions on Computers",
        volume="C-35",
	number="8",
        year="1986",
	pages="677--691"
	}

	@article{
Buchi60,
        author="J.R. B{\"u}chi",
	title="Weak second-order arithmetic and finite automata",
	journal="{Zeitschrift f\"ur mathematische Logik und Grundlagen der
       		Mathematik}",
	volume="6",
	year="1960",
	pages="66--92"
	}

	@inproceedings{
Buchi62,
        author="J.R. B{\"u}chi",
	title="On a decision method in restricted second-order arithmetic",
	booktitle="Proceedings of the First International Congress on Logic,
		Methodology, and Philosophy of Science 1960", 
	editor="E. Nagel and P. Suppes and A. Tarski",
	publisher="Stanford University Press",
        year="1962",
	pages="1--11"
	}

	@article{
Buchi83,
        author="J.R. B{\"u}chi",
	title="State strategies for games in $F_{\sigma\delta} \cap G_{\delta\sigma}$",
	journal="Journal of Symbolic Logic",
	volume="48",
        year="1983",
	pages="1171--1198"
	}

	@incollection{
Burch89,
	author="J.R. Burch",
	title="Combining {CTL}, trace theory, and timing models",
	booktitle="CAV 89: Automatic Verification Methods for Finite-state 
		Systems",
	editor="J. Sifakis",
	series="LNCS 407",
	publisher="Springer-Verlag",
	year="1989",
	pages="334--348"
	}

	@article{
BCM92,
        author="J.R. Burch and E.M. Clarke and K.L. McMillan and
        	D.~L. Dill and L.J. Hwang",
	title="Symbolic model checking: $10^{20}$ states and beyond",
	journal="Information and Computation",
	volume="98",
	number="2",
        year="1992",
	pages="142--170"
	}

	@incollection{
Burgess84,
	author="J.P. Burgess",
	title="Basic tense logic",
  	booktitle="Handbook of Philosophical Logic", 
	volume="II",
	editor="D. Gabbay and F. Guenthner", 	
  	publisher="D. Reidel Publishing Company",
	year="1984",
	pages="89--133"
	}

	@inproceedings{
CCM94,
	author="S. Campos and E.M. Clarke and W. Marrero and M. Minea and 
	        H. Hiraishi",
	title="Computing quantitative characteristics of finite-state
		real-time systems",
        booktitle="Proceedings of the 15th Annual Real-time Systems 
                Symposium",
        publisher="IEEE Computer Society Press",
        year="1994"
	}

	@inproceedings{
CGMZ95,
	author="E.M. Clarke and O. Grumberg and K. Mc{M}illan and X. Zhao",
	title="Efficient generation of counterexamples and witnesses in symbolic
		model checking",
        booktitle="DAC 95: Proceedings of the 32nd Design Automation Conference",
        publisher="IEEE Computer Society Press",
	pages= "427--432",
        year="1995"
	}

	@book{
Cassandras93,
	author="C.G. Cassandras",
	title="Discrete-Event Systems: Modeling and Performance Analysis",
	publisher="Aksen Associates",
	year="1993"
	}

	@article{
CelikkanCleaveland,
        author="U. Celikkan and R. Cleaveland",
        title="Generating diagnostic information for behavioral preorders",
        journal="Distributed Computing",
        year="To appear"
        }

	@incollection{
Cerans92,
	author="K. {\v{C}er\=ans}",
	title="Decidability of bisimulation equivalence for parallel
		timer processes",
	booktitle="CAV 92: Computer-aided Verification",
	editor="G. von Bochmann and D.K. Probst",
	series="LNCS 663",
	publisher="Springer-Verlag",
	year="1992",
	pages="302--315"
	}

	@phdthesis{
Cerans92thesis,
	author="K. {\v{C}er\=ans}",
	title="Algorithmic Problems in Analysis of Real-time System 
		Specifications",
        school="University of Latvia",
        year="1992"
	}

	@incollection{
CGL93,
        author="K. {{\v C}er\=ans} and J.C. Godskesen and K.G. Larsen",
	title="Timed modal specification: Theory and tools",
	booktitle="CAV 93: Computer-aided Verification",
	editor="C. Courcoubetis",
	series="LNCS 697",
	publisher="Springer-Verlag",
        year="1993",
	pages="253--267"
        }

	@article{
CHR91,
	author="Z. Chaochen and C.A.R. Hoare and A.~P. Ravn",
	title="A calculus of durations",
	journal="Information Processing Letters",
	volume="40",
	number="5",
	year="1991",
	pages="269--276"
	}

	@book{
ChandyMisra88,
	author="K.M. Chandy and J. Misra",
	title="Parallel Program Design: A Foundation",
	publisher="Addison-Wesley Publishing Company",
	year="1988"
	}	

	@unpublished{
CBG91,
	author="E.M. Clarke and J.R. Burch and O. Grumberg and
		D.E. Long and K.L. McMillan",
 	title="Automatic verification of sequential circuit designs",
        note="Presented at the Royal Society of London",
        year="1991"
	}

	@incollection{
ClarkeEmerson81,
        author="E.~M. Clarke and E.~A. Emerson", 
	title="Design and synthesis of synchronization skeletons using
		branching-time temporal logic",
	booktitle="Workshop on Logic of Programs",
	series="LNCS 131",
	publisher="Springer-Verlag",
	year="1981",
	pages="52--71"
	}

	@article{
CES86,
        author="E.~M. Clarke and E.~A. Emerson and A.~P. Sistla", 
	title="Automatic verification of finite-state concurrent systems 
		using temporal-logic specifications",
	journal="ACM Transactions on Programming Languages and Systems",
        volume="8",
	number="2",
        year="1986",
	pages="244--263"
        }

	@incollection{
CFJ93,
	author="E.~M. Clarke and T. Filkorn and S. Jha",
	title="Exploiting symmetry in temporal-logic model checking",
	booktitle="CAV 93: Computer-aided Verification",
	editor="C. Courcoubetis",
	series="LNCS 697",
	publisher="Springer-Verlag",
	year="1993",
	pages="450--462"
	}

	@incollection{
CGJ95,
	author="E.C. Clarke and O. Grumberg and S. Jha",
	title="Verifying parameterized networks using abstraction and regular
		languages",
	booktitle="CONCUR 95: Concurrency Theory",
	series="LNCS 962",
	publisher="Springer-Verlag",
	year="1995",
	pages="395--407"
	}
	

	@incollection{
ClarkeGrumberg87,
	author="E.~M. Clarke and O. Grumberg",
	title="Research on automatic verification of finite-state
		concurrent systems",
	booktitle="Annual Review of Computer Science",
	volume="II",
	editor="J.F. Traub and B.J. Grosz and B.W. Lampson and N.J. Nilsson",
	publisher="Annual Reviews",
	year="1987",
	pages="269--290"
	}

	@inproceedings{
CGH93,
	author="E.~M. Clarke and O. Grumberg and H. Hiraishi and S. Jha
		and D.E. Long and K.L. McMillan and L.A. Ness",
 	title="Verification of the Futurebus$+$ cache coherence protocol",
        booktitle="Proceedings of the 11th Symposium on Computer Hardware 
		Description Languages and their Applications",
        year="1993"
	}

	@inproceedings{
CGL92,
	author="E.~M. Clarke and O. Grumberg and D.E. Long",
	title="Model checking and abstraction",
	booktitle="Proceedings of the 19th Annual Symposium on
		Principles of Programming Languages",
	publisher="ACM Press",
        year="1992",
	pages="343--354"
	}

	@incollection{
CGL94,
	author="E.~M. Clarke and O. Grumberg and D.E. Long",
	title="Verification tools for finite-state concurrent systems",
	booktitle="A Decade of Concurrency: Reflections and Perspectives",
	series="LNCS 803",
	publisher="Springer-Verlag",
	year="1994"
	}

	@article{
ClarkeKurshan96,
	author="E.~M. Clarke and R.~P. Kurshan",
	title="Computer-aided verification",
	journal="IEEE Spectrum", 
	volume="33",
	number="6",
	year="1996",
	pages="61--67"
	}

@incollection{
ClarkeCAV2000,
        author="E. M. Clarke and O. Grumberg and S. Jha and Y. Lu and H. Veith",
        title = "Counterexample-Guided Abstraction Refinement",
        booktitle="CAV 00: Computer-Aided Verification",
        series="LNCS 1855",
        publisher="Springer-Verlag",
        year="2000",
        pages="154-169"
        }

	@inproceedings{
CGL92,
	author="E. M. Clarke and O. Grumberg and D.E. Long",
	title="Model checking and abstraction",
	booktitle="POPL 92: Principles of Programming Languages",
	publisher="ACM",
        year="1992",
	pages="343-354"
	}


	@incollection{
CKS92,
	author="R. Cleaveland and M. Klein and B. Steffen",
	title="Faster model checking for the modal {$\mu$}-calculus",
	booktitle="CAV 92: Computer-aided Verification",
	editor="G.v. Bochmann and D. Probst",
	series="LNCS 663",
	publisher="Springer-Verlag",
	year="1993",
	pag10="420--462"
	}

	@inproceedings{
CLM89,
        author="E.~M. Clarke and D.E. Long and K.L. McMillan",
	title="Compositional model checking",
	booktitle="Proceedings of the Fourth Annual Symposium on 
     		Logic in Computer Science",
	publisher="IEEE Computer Society Press",
        year="1989",
	pages="353--362"
	}

	@article{
CPS93,
	author="R.J. Cleaveland and J. Parrow and B. Steffen",
	title="The {C}oncurrency {W}orkbench: a semantics-based tool for 
		the verification of finite-state systems",
	journal="ACM Transactions on Programming Languages and Systems",
	volume="15",
	number="1",
	year="1993",
	pages="36--72"
	}

	@article{
CleavelandSteffen93,
	author="R.J. Cleaveland and B. Steffen",
	title="A linear-time model-checking algorithm for the alternation-free
		modal $\mu$-calculus",
	journal="Formal Methods in System Design",
	volume="2",
	year="1993",
	pages="121--147"
	}

	@article{
CohenGold77,
	author="R.S. Cohen and A.Y. Gold",
	title="Theory of $\omega$-languages~{I}: characterizations of
	        $\omega$-context-free Languages",
	journal="Journal of Computer and System Sciences",
	volume="15",
	year="1977",
        pages="169--184"
	}

	@book{
Constable86,
	author="R.~L. Constable",
	title="Implementing Mathematics with the Nuprl Proof Development
		System",
	publisher="Prentice-Hall",
	year="1986"
	}

	@article{Cooper72,
	author="D.C. Cooper",
	title="Theorem proving in arithmetic without multiplication",
	journal="Machine Intelligence",
	volume="7", 
	pages="91--100",
	year ="1972"
	}

        @inproceedings{
Corbett94,
        author="J.C. Corbett",
        title="Modeling and analysis of real-time {Ada} tasking programs",
        booktitle="Proceedings of the 15th Annual Real-time Systems 
                Symposium",
        publisher="IEEE Computer Society Press",
        year="1994"
        }

	@incollection{        
CBM89,
	author="O. Coudert and C. Berthet and J. Madre",
	title="Verification of synchronous sequential machines based 
        	on symbolic execution",
	booktitle="CAV 89: Automatic Verification Methods for Finite-state 
		Systems",
	editor="J. Sifakis",
	series="LNCS 407",
	publisher="Springer-Verlag",
	year="1989",
	pages="365--373"
	}

	@article{
CVWY92,
	author="C. Courcoubetis and M.Y. Vardi and P. Wolper and 
		M. Yannakakis",
	title="Memory-efficient algorithms for the verification of temporal 
		properties",
	journal="Formal Methods in System Design",
	volume="1",
	year="1992",
	pages="275--288"
	}

@inproceedings{CY88,
        author = "C. Courcoubetis and M. Yannakakis",
        title = "Verifying Temporal Properties of Finite-State
            Probabilistic Programs",
        booktitle = focs88,
        pages = "338--354",
        year = 1988,
        group = "PR-P1",
        summary = "proves that verifying LTL with prob 1 on markov
            chains is singly exponential, and that LTL with prob 1
            on concurrent markov chains is doubly exponential.
            very important paper."
        }
@article{CY95,
    	author = "C. Courcoubetis and M. Yannakakis",
    	title = "The Complexity of Probabilistic Verification",
    	journal = "Journal of the ACM",
    	year = 1995,
    	volume = 42, 
    	number = 4, 
    	pages = "857--907",
    	}
@inproceedings{CY90,
    	author = "C. Courcoubetis and M. Yannakakis",
    	title = "{Markov} Decision Processes and Regular Events",
    	booktitle = "ICALP 90: Automata, Languages, and Programming",
         series = "Lecture Notes in Computer Science",
         volume = 443,
         publisher = "Springer-Verlag",
         year = 1990,
         pages = "336--349"
    	}

	@incollection{
CourcoubetisYannakakis91,
	author="C. Courcoubetis and M. Yannakakis",
	title="Minimum and maximum delay problems in real-time systems",
	booktitle="CAV 91: Computer-aided Verification",
	editor="K.G. Larsen and A. Skou",
	series="LNCS 575",
	publisher="Springer-Verlag",
	year="1991",
	pages="399--409"
	}

        @incollection{
Cousot81,
        author="P. Cousot",
        title="Semantics fundations of program analysis",
        booktitle="Program Flow Analysis: Theory and Applications",
        editor="S.S. Muchnick and N.D. Jones",
        publisher="Prentice-Hall",
        year="1981",
        pages="303--342"
        }

	@inproceedings{
CousotCousot77,
	author="P. Cousot and R. Cousot",
	title="Abstract interpretation: a unified lattice model for 
		the static analysis of programs by construction or 
		approximation of fixpoints",
	booktitle="Proceedings of the Fourth Annual Symposium on
		Principles of Programming Languages",
	publisher="ACM Press",
        year="1977"
	}

	@article{
CousotCousot92:jlp,
	author="P. Cousot and R. Cousot",
	title="Abstract interpretation and application to logic programs",
        journal="Journal of Logic Programming",
        volume="13",
	number="2/3",
        year="1992",
        pages="103--179"
	}

        @incollection{
CousotCousot92:plilp,
        author="P. Cousot and R. Cousot",
        title="Comparing the {Galois} connection and widening/narrowing
                approaches to abstract interpretation",
        booktitle="PLILP",
        series="LNCS 631",
        publisher="Springer-Verlag",
        year="1992",
        pages="269--295"
        }

        @inproceedings{
CousotHalbwachs78,
	author="P. Cousot and N. Halbwachs",
	title="Automatic discovery of linear restraints among variables of 
		a program",
	booktitle="Proceedings of the Fifth Annual Symposium on
		Principles of Programming Languages",
	publisher="ACM Press",
        year="1978"
	}

	@techreport{
CGR93,
	author="D.H. Craigen and S.L. Gerhart and T.J. Ralston",
	title="An International Survey of Industrial Applications of 
		Formal Methods",
	institution="Naval Research Laboratory",
	number="NRL/FR/5546-93-9581",
	address="Washington, DC",
	year="1993"
	}

	@incollection{
Dam92,
	author="M. Dam",
	title="Fixed points of {B}{\"u}chi automata",
	booktitle="Foundations of Software Technology and Theoretical Computer Science",
	editor="R. Shyamasundar",
	series="LNCS 652",
	publisher="Springer-Verlag",
        year="1992",
        pages="39--50"
	}

	@article{
Dam94,
        author="M. Dam",
	title="{CTL}$^*$ and {ECTL}$^*$ as fragments of the modal $\mu$-calculus",
	journal="Theoretical Computer Science",
        volume="126",
	publisher="Elsevier",
        year="1994",
	pages="77--96"
        }

	@incollection{
DGG93,
	author="D.R. Dams and O. Grumberg and R. Gerth",
	title="Generation of reduced models for checking fragments of {CTL}",
	booktitle="CAV 93: Computer-aided Verification",
	editor="C. Courcoubetis",
	series="LNCS 697",
	publisher="Springer-Verlag",
	year="1993",
	pages="479--490"
	}

	@incollection{
DGG94,
	author="D.R. Dams and O. Grumberg and R. Gerth",
	title="Abstract interpretation of reactive systems: abstractions 
		preserving {ACTL}$^*$, {ECTL}$^*$, and {CTL}$^*$",
	booktitle="IFIP Working Conference on Programming Concepts, Methods,
		and Calculi",
	editor="E.-R. Olderog",
	publisher="Elsevier Science Publishers",
	year="1994"
	}
	@incollection{
DGJP99,
        author="J. Desharnais and V. Gupta and R. Jagadeesan and P. Panangaden",
        title="Metrics for Labelled Markov Systems",
        booktitle="CONCUR 99: Concurrency Theory",
        series="Lecture Notes in Computer Science",
        publisher="Springer",
        volume = 1664,
        year   = 1999,
        pages = "258--273",
        group = "Y"
        }
	@article{
DGJP01,
        author="J. Desharnais and A. Edalat and P. Panangaden",
        title="Bisimulation for Labelled Markov Processes",
        journa="Information and Computation",
        year   = 2001,
        }
	@inproceedings{
DGJP02,
        author="J. Desharnais and V. Gupta and R. Jagadeesan and P. Panangaden",
        title="The metric analogue of weak bisimulation for probabilistic processes",
        booktitle = "LICS 02: Logic in Computer Science",
        pages = "413--422",
        publisher = "{IEEE} Press",
        year = 2002
        }
	@book{
deBakkerVink96,
        author="J.~W. de Bakker and E. de Vink",
        title = "Control flow semantics",
        publisher="MIT Press",
        year="1996"
}
	@incollection{
DargenioBrinksma96,
	author="P.A. D'Argenio and E. Brinksma",
	title="A calculus for timed automata",
	booktitle="FTRTFT 96: Formal Techniques in Real-time and 
		Fault-tolerant Systems",
	editor="B. Jonsson and J. Parrow",
	series="LNCS 1135",
	publisher="Springer-Verlag",
        year="1996",
	pages="110--129"
	}

	@incollection{
DOTY96,
	author="C. Daws and A. Olivero and S. Tripakis and S. Yovine",
	title="The tool {\sc {K}ronos}",
	booktitle="Hybrid Systems III",
	editor="R. Alur and T.~A. Henzinger and E.D. Sontag",
	series="LNCS 1066",
	publisher="Springer-Verlag",
        year="1996",
        pages="208--219"
	}

	@inproceedings{
DawsYovine95,
	author="C. Daws and S. Yovine",
	title="Two examples of verification of multirate timed automata with 
		{K}ronos",
	booktitle="Proceedings of the 16th Annual Real-time Systems 
		Symposium",
	publisher="IEEE Computer Society Press",
        year="1995",
	pages="66--75"
	}

	@article{
DederichsWeber90,
        author="F. Dederichs and R. Weber",
	title="Safety and liveness from a methodological point of view",
	journal="Information Processing Letters",
        volume="36",
	number="1",
        year="1990",
	pages="25--30"
        }

	@inproceedings{
deRoever85,
        author="de Roever, W.-P.",
	title="The quest for compositionality: a survey of assertion-based
		proof systems for concurrent programs, part~I",
	booktitle="Proceedings of the IFIP Working Conference on Formal
		Models in Programming",
	editor="E.J. Neuhold and G. Chroust",
	publisher="Elsevier Science Publishers",
        year="1985",
	pages="181--205"
	}

	@article{
Dijkstra65,
	author="E.W. Dijkstra",
	title="Solution of a problem in concurrent programming control",
	journal="Communications of the ACM",
	volume="8",
	number="9",
	year="1965",
	pages="569"
	}	

	@article{
Dijkstra75,
	author="E.W. Dijkstra",
	title="Guarded commands, nondeterminacy, and formal derivation of
		programs",
	journal="Communications of the ACM",
	volume="18",
	number="8",
	year="1975",
	pages="453--457"
	}

	@book{
Dijkstra76,
	author="E.W. Dijkstra",
	title="A Discipline of Programming",
	publisher="Prentice-Hall",
	year="1976"
	}

        @inproceedings{
DDP99,
author = "S. Das and D. L. Dill and S. Park",
title = "Experience with Predicate Abstraction",
booktitle="CAV 99: Computer-Aided Verification",
series="LNCS 1633",
pages="160-171",
publisher="Springer-Verlag",
year=1999}

	@incollection{
Dill89cav,
	author="D.~L. Dill",
	title="Timing assumptions and verification of finite-state
		concurrent systems",
	booktitle="CAV 89: Automatic Verification Methods for Finite-state 
		Systems",
	editor="J. Sifakis",
	series="LNCS 407",
	publisher="Springer-Verlag",
	year="1989",
	pages="197--212"
	}

	@incollection{
DillHu93,
	author="D.~L. Dill and A.~J. Hu",
	title="Efficient verification with {BDD}s using implicitly 
		conjoined invariants",
	booktitle="CAV 93: Computer-aided Verification",
	editor="C. Courcoubetis",
	series="LNCS 697",
	publisher="Springer-Verlag",
	year="1993",
	pages="3--14"
	}

       	@incollection{
DillWongToi95,
	author="D.~L. Dill and {Wong-Toi}, H.",
 	title="Verification of real-time systems by successive over- and 
		underapproximation",
	booktitle="CAV 95: Computer-aided Verification",
	editor="P. Wolper",
	series="LNCS 939",
	publisher="Springer-Verlag",
        year="1995",
	pages="409--422"
	}

        @inproceedings{
DJW97,
        author="S. Dziembowski and M. Jurdzi\'nski and I. Walukiewicz",
        title="How much memory is needed to win infinite games?",
        booktitle="LICS'97",
        publisher="IEEE",
        year="1997",
	pages="99--110"
        }

	@incollection{
DT98,
        author="C. Daws and S. Tripakis",
	title="Model checking of real-time reachability properties 
		using abstractions",
	booktitle="TACAS98: Tools and Algorithms for the Construction
		and Analysis of Systems",
	editor="B. Steffen",
	series="LNCS 1384",
	publisher="Springer-Verlag",
        year="1998", 
	pages="313--329"
	}

	@article{
Emerson83,
        author="E.~A. Emerson",
	title="Alternative semantics for temporal logics",
	journal="Theoretical Computer Science",
	volume="26",
	number="1",
        year="1983",
	pages="121--130"
	}

	@incollection{
Emerson90,
	author="E.~A. Emerson",
	title="Temporal and modal logic",
  	booktitle="Handbook of Theoretical Computer Science",
	volume="B",
	editor="van Leeuwen, J.",
  	publisher="Elsevier Science Publishers",
	year="1990",
        pages="995--1072"
	}

        @incollection{
Emerson92,
	author="E.~A. Emerson",
	title="Real time and the $\mu$-calculus",
        booktitle="Real Time: Theory in Practice",
        editor="de Bakker, J.~W. and K. Huizing and de Roever, W.-P. and 
        	G. Rozenberg",
        series="LNCS 600",
        publisher="Springer-Verlag",
        year="1992",
	pages="176--194"
        }

        @incollection{
EmersonClarke80,
        author="E.~A. Emerson and E.~M. Clarke",
	title="Characterizing correctness properties of parallel 
        	programs as fixpoints",
        booktitle="ICALP 83: Automata, Languages, and Programming",
        series="LNCS 85",
        publisher="Springer-Verlag",
        year="1980",
	pages="169--181"
        }

	@article{
EmersonClarke82,
        author="E.~A. Emerson and E.~M. Clarke",
	title="Using branching-time temporal logic to synthesize 
        	synchronization skeletons",
	journal="Science of Computer Programming",
        volume="2",
	number="3",
        year="1982",
	pages="241--266"
        }
@article{EH85a,
        author      =   "E.~A. Emerson and J.Y. Halpern",
        title       =   "Decision Procedures and
                         Expressiveness in the Temporal
                         Logic of Branching Time",
        journal     =   "Journal of Computer and System Sciences",
        volume      =   "30",
        pages       =   "1-24",
        year        =   1985
}

	@article{
EmersonHalpern86,
	author="E.~A. Emerson and J.Y. Halpern",
	title="{``Sometimes''} and {``Not never''} revisited: on 
		branching versus linear-time temporal logic",
	journal="Journal of the ACM",
        volume="33",
	number="1",
        year="1986",
	pages="151--178"
	}

	@inproceedings{
EJ88,
        author="E.~A. Emerson and C.~S. Jutla",
        title="The complexity of tree automata and logics of programs",
	booktitle="FOCS'88",
	publisher="IEEE",
        year="1988",
	pages="328--337"
	}

	@inproceedings{
EJ91,
        author="E.~A. Emerson and C.~S. Jutla",
        title="Tree automata, mu-calculus and determinacy",
	booktitle="FOCS'91",
	publisher="IEEE",
        year="1991",
	pages="368--377"
	}

	@inproceedings{
EmersonJutlaSistla93,
	author="E.~A. Emerson and C.S. Jutla and A.~P. Sistla",
 	title="On model checking for fragments of $\mu$-calculus",
	booktitle="CAV 93: Computer-aided Verification",
	series="LNCS 697",
	publisher="Springer-Verlag",
	year="1993",
	pages="385--396"
	}

	@article{
EmersonJutlaSistla01,
	author="E.~A. Emerson and C.S. Jutla and A.~P. Sistla",
 	title="On model checking for the $\mu$-calculus and its fragments",
	journal="Theoretical Computer Science",
	volume="258",
	year="2001",
	pages="491--522"
	}

	@inproceedings{
EmersonLei86,
        author="E.~A. Emerson and C. Lei",
	title="Efficient model checking in fragments of the propositional
        	$\mu$-calculus",
	booktitle="Proceedings of the First Annual Symposium on 
        	Logic in Computer Science",
	publisher="IEEE Computer Society Press",
        year="1986",
	pages="267--278"
	}

	@incollection{
EMSS90,
	author="E.~A. Emerson and A.K. Mok and A.~P. Sistla and J. Srinivasan",
 	title="Quantitative temporal reasoning",
	booktitle="CAV 90: Computer-aided Verification",
	editor="R.~P. Kurshan and E.~M. Clarke",
	series="LNCS 531",
	publisher="Springer-Verlag",
	year="1990",
	pages="136--145"
	}

	@incollection{
EmersonSistla93,
	author="E.~A. Emerson and A.~P. Sistla",
	title="Symmetry and model checking",
	booktitle="CAV 93: Computer-aided Verification",
	editor="C. Courcoubetis",
	series="LNCS 697",
	publisher="Springer-Verlag",
	year="1993",
	pages="463--478"
	}

	@article{
Esparza97,
	author="J. Esparza",
	title="Decidability of model-checking for infinite-state concurrent
		systems",
	journal="Acta Informatica",
	volume="34",
	year="1997",
	pages="85--107"
	}

        @book{
Enderton72,
	author="H.B. Enderton",
	title="A Mathematical Introduction to Logic",
  	publisher="Academic Press", 
	year="1972"
	}
	@article{
FL79,
        author      =   "M.J. Fischer and R.E. Ladner",
        title       =   "Propositional dynamic logic of regular
                         programs",
        journal     =   "Journal of Computer and Systems Sciences",
        volume      =   "18",
        year        =   "1979",
        pages = "194-211"
}

	@article{
FMJJ92,
	author="Fernandez, J.-C. and L. Mounier and C. Jard and T. Jeron",
	title="On-the-fly verification of finite transition systems",
	journal="Formal Methods in System Design",
	volume="1",
	year="1992",
	pages="251--273"
	}

	@article{
FerranteRackoff75,
	author="J. Ferrante and C. Rackoff",
	title="A decision procedure for the first-order theory of real
		addition with order",
	journal="SIAM Journal on Computing",
	volume="4",
	number="1",
	year="1975",
	pages="69--76"
	}

	@techreport{
FinkelSchnoebelen98,
	author="A. Finkel and Ph. Schnoebelen",
	title="Well-structured transition systems everywhere",
	institution="Laboratoire Sp\'ecification et V\'erification",
	number="LSV-98-4",
	year="1998"
	}

	@book{
Fitting83,
        author="M. Fitting",
	title="Proof Methods for Modal and Intuitionistic Logics",
	publisher="D. Reidel Publishing Company",
        year="1983"
        }

	@book{
Francez92,
	author="N. Francez",
	title="Program Verification",
	publisher="Addison-Wesley Publishing Company",
	year="1992"
	}

	@book{
Francez86,
	author="N. Francez",
	title="Fairness",
	publisher="Springer-Verlag",
	year="1986"
	}

	@inproceedings{
GPSS80,
        author="D. Gabbay and A. Pnueli and S. Shelah and J. Stavi",
	title="On the temporal analysis of fairness",
	booktitle="Proceedings of the Seventh Annual Symposium on
		Principles of Programming Languages",
	publisher="ACM Press",
        year="1980",
	pages="163--173"
	}

	@article{
GabrielianFranklin91,
	author="A. Gabrielian and M.K. Franklin",
	title="Multi-level specification and verification of real-time 
		software",
	journal="Communications of the ACM",
	volume="34",
	number="5",
	year="1991",
	pages="50--60"
	}

	@incollection{
Garson84,
	author="J.~W. Garson",
	title="Quantification in modal logic",
  	booktitle="Handbook of Philosophical Logic", 
	volume="II",
	editor="D. Gabbay and F. Guenthner", 	
  	publisher="D. Reidel Publishing Company",
	year="1984",
	pages="249--307"
	}
	
	@article{
BCG89,
	author="M.C. Browne and E.C. Clarke and O. Grumberg",
	title="Reasoning about networks with many identical finite
		state processes",
	journal="Information and Computation",
	volume="81",
	year="1989",
	pages="13--31"
	}

	@article{
GS92,
	author="S.M. German and A.~P. Sistla",
	title="Reasoning about systems with many processes",
	journal="Journal of the ACM",
	volume="39",
	year="1992",
	pages="675--735"
	}	

@inproceedings{Gottlob95,
        author = "G. Gottlob and N. Leone and H. Veith",
        title  = "Second Order Logic and the Weak Exponential Hierarchies",
        booktitle = "MFCS 95: Mathematical Foundations of Compuer
                     Science",
        pages = "66-81",
        series = lncs,
        publisher = springer,
        year = 1995
        }
	@incollection{
GSSL94,
	author="R. Gawlick and R. Segala and J.F. Sogaard-Andersen and 
		N.A. Lynch",
	title="Liveness in timed and untimed systems",
        booktitle="ICALP 94: Automata, Languages, and Programming",
        editor="S. Abiteboul and E. Shamir",
        series="LNCS 820",
        publisher="Springer-Verlag",
	year="1994",
	pages="166--177"
	}

	@techreport{
GBD94,
	author="A. Geist and A. Beguelin and J. Dongarra and W. Jiang and 
		R. Manchek and V. Sunderam",
	title="{PVM~3} User's Guide and Reference Manual",
	institution="Oak Ridge National Laboratory",
	number="12187",
	address="Oak Ridge, Tennessee",
	year="1994"
	}

	@inproceedings{
GerberLee89,
	author="R. Gerber and I. Lee",
  	title="{Communicating Shared Resources}: a model for distributed
		real-time systems",
	booktitle="Proceedings of the Tenth Annual Real-time Systems 
		Symposium",
	publisher="IEEE Computer Society Press",
	year="1989",
	pages="68--78"
	}	

	@inproceedings{
GodefroidWolper91,
        author="P. Godefroid and P. Wolper",
	title="A partial approach to model checking",
	booktitle="Proceedings of the Sixth Annual Symposium on 
        	Logic in Computer Science",
	publisher="IEEE Computer Society Press",
        year="1991",
	pages="406--415"
	}

	@book{
Goldblatt87,
	author="R. Goldblatt",
	title="Logics of Time and Computation",
  	series="CSLI Lecture Notes 7",
	publisher="Center for the Study of Language and Information",
	address="Stanford, California",
	year="1987"
	}

	@incollection{
Graf94,
        author="S. Graf",
	title="Verification of a distributed cache memory by using 
		abstractions",
	booktitle="CAV 94: Computer-aided Verification",
	editor="D.~L. Dill",
	series="LNCS 818",
	publisher="Springer-Verlag",
        year="1994",
	pages="207--219"
        }

	@book{
GKP89,
	title="Concrete Mathematics: A Foundation for Computer Science",
	author="R.~L. Graham and D.E. Knuth and O. Patashnik",
	publisher="Addison-Wesley Publishing Company",
	year="1989"
	}
@incollection{GrafSaidi97,
        author="S. Graf and H. Sa{\"\i}di",
	title="Construction of Abstract State Graphs with {PVS}",
	booktitle="CAV 97: Computer-aided Verification",
	series="LNCS 1254",
	publisher="Springer-Verlag",
        year="1997",
	pages="72--83"
        }


 	@book{
Gries81,
	author="D. Gries",
	title="The Science of Programming",
	publisher="Springer-Verlag",
	year="1981"
	}

	@article{
GrumbergLong94,
	author="O. Grumberg and D.E. Long",
	title="Model checking and modular verification",
	journal="ACM Transactions on Programming Languages and Systems",
	volume="16",
	number="3",
	year="1994",
	pages="843--871"
	}

	@inproceedings{
GH82,
	author="Y. Gurevich and L. Harrington",
	title="Trees, automata, and games",
	booktitle="STOC'82",
	publisher="ACM Press",
	year="1982",
	pages="60--65"
	}
	
	@inproceedings{GurevichTest,
	author="A. Blass and Y. Gurevich and L. Nachmanson and M. Veanes",
	title="Play to Test",
	booktitle="FATES'05",
	year="2005"
	}

	@article{
Haase81,
        author="V.H. Haase",
	title="Real-time behavior of programs",
	journal="IEEE Transactions on Software Engineering",
        volume="SE-7",
	number="5",
        year="1981",
	pages="494--501"
        }
	
	@book{
Halbwachs93book,
	author="N. Halbwachs",
	title="Synchronous Programming of Reactive Systems",
	publisher="Kluwer Academic Publishers",
  	year="1993"	
	}

	@incollection{
Halbwachs93cav,
	author="N. Halbwachs",
	title="Delay analysis in synchronous programs",
	booktitle="CAV 93: Computer-aided Verification",
	editor="C. Courcoubetis",
	series="LNCS 697",
	publisher="Springer-Verlag",
	year="1993",
	pages="333--346"
	}

	@inproceedings{
HRP94,
	author="N. Halbwachs and P. Raymond and Y.-E. Proy",
	title="Verification of linear hybrid systems by means of convex 
		approximation",
	booktitle="SAS 94: Static Analysis Symposium",
	editor="B. {LeCharlier}",
	series="LNCS 864",
	publisher="Springer-Verlag",
	year="1994",
	pages="223--237"
	}

	@inproceedings{
HRP94,
	author="N. Halbwachs and P. Raymond and Y.-E. Proy",
	title="Verification of linear hybrid systems by means of convex 
		approximation",
	booktitle="SAS 94: Static Analysis Symposium",
	editor="B. {LeCharlier}",
	series="LNCS 864",
	publisher="Springer-Verlag",
	year="1994",
	pages="223--237"
	}

	@incollection{
Halpern87,
        author="J.Y. Halpern",
	title="Using reasoning about knowledge to analyze distributed
		systems",
	booktitle="Annual Review of Computer Science",
	volume="II",
	editor="J.F. Traub and B.J. Grosz and B.W. Lampson and N.J. Nilsson",
	publisher="Annual Reviews",
	year="1987",
	pages="37--68"
	}

	@article{
Halpern91,
        author="J.Y. Halpern",
	title="Presburger arithmetic with unary predicates is 
        	{$\Pi^1_1$}-complete",
	journal="The Journal of Symbolic Logic",
        volume="56",
	number="2",
        year="1991",
	pages="637--642"
        }

	@inproceedings{
HalpernZuck87,
        author="J.Y. Halpern and L.D. Zuck",
	title="A little knowledge goes a long way: simple knowledge-based
 		derivations and correctness proofs for a family of 
		protocols",
	booktitle="Proceedings of the Sixth Annual Symposium on 
        	Principles of Distributed Computing",
	publisher="ACM Press",
        year="1987",
	pages="269--280"
	}

	@incollection{
Harel84,
	author="D. Harel",
	title="Dynamic Logic",
  	booktitle="Handbook of Philosophical Logic", 
	volume="II",
	editor="D. Gabbay and F. Guenthner", 	
  	publisher="D. Reidel Publishing Company",
	year="1984",
	pages="497--604"
	}


	@article{
Harel87,
	author="D. Harel",
	title="Statecharts: a visual formalism for complex systems",
	journal="Science of Computer Programming",
	volume="8",
	year="1987",
	pages="231--274"
	}

	@mastersthesis{
Harel88,
	author="E. Harel",
	title="Temporal Analysis of Real-time Systems",
        school="The Weizmann Institute of Science", 
	address="Rehovot, Israel",
        year="1988"
	}

	@inproceedings{
HLP90,
        author="E. Harel and O. Lichtenstein and A. Pnueli",
	title="Explicit-clock temporal logic",
	booktitle="Proceedings of the Fifth Annual Symposium on 
     		Logic in Computer Science",
	publisher="IEEE Computer Society Press",
        year="1990",
	pages="402--413"
	}

	@article{
HPS83,
        author="D. Harel and A. Pnueli and J. Stavi",
	title="Propositional dynamic logic of regular programs",
	journal="Journal of Computer and System Sciences", 
        volume="26",
	number="2",
        year="1983",
	pages="222--243"
        }

	@inproceedings{
HJL93,
	author="C.L. Heitmeyer and R.D. Jeffords and B.G. Labaw",
	title="A benchmark for comparing different approaches for specifying
		and verifying real-time systems",
	booktitle="Proceedings of the Tenth International Workshop on 
		Real-time Operating Systems and Software",
	year="1993"
	}

	@article{
Henkin49,
        author="L. Henkin",
	title="The completeness of the first-order functional calculus",
	journal="The Journal of Symbolic Logic",
        volume="14",
	number="3",
        year="1949",
        pages="159--166"
        }

	@book{
Hennessy88,
	author="M.C.B. Hennessy",
	title="Algbraic Theory of Processes",
	publisher="The MIT Press",
	year="1994"
	}

	@article{
HennessyMilner85,
	author="M.C.B. Hennessy and R. Milner",
	title="Algebraic laws for nondeterminism and concurrency",
	journal="Journal of the ACM",
	volume="32",
	number="1",
	year="1985",
	pages="137--161"
	}
        @incollection{
Henzinger95,
        author="T.~A. Henzinger",
        title="Hybrid automata with finite bisimulations",
        booktitle="ICALP 95: Automata, Languages, and Programming",
        editor="Z. F{\"u}l{\"o}p and F. G{\'e}cseg",
        series="Lecture Notes in Computer Science 944",
        publisher="Springer-Verlag",
        year="1995",
        pages="324--335"
        }
        @inproceedings{
HHW95rtss,
        author="T.~A. Henzinger and P.-H. Ho and H. Wong-Toi",
        title="{{\sc HyTech}}: The next generation",
        booktitle="Proceedings of the 16th Annual Real-Time Systems
                Symposium",
        publisher="IEEE Computer Society Press",
        year="1995",
        pages="56--65"
        }

        @inproceedings{
Henzinger96,
        author="T.~A. Henzinger",
        title="The theory of hybrid automata",
        booktitle="Proceedings of the 11th Annual Symposium on
                Logic in Computer Science",
        publisher="IEEE Computer Society Press",
        year="1996",
        pages="278--292"
        }

        @article{
HyTech,
        author="T.~A. Henzinger and P.-H. Ho and H. Wong-Toi",
        title="{\sc {H}y{T}ech}: a model checker for hybrid systems",
        journal="Software Tools for Technology Transfer",
        volume="1",
        year="1997",
        pages="110--122"
        }


        @inproceedings{
HHK95,
        author="M.R. Henzinger and T.~A. Henzinger and P.W. Kopke",
        title="Computing simulations on finite and infinite graphs",
        booktitle="Proceedings of the 36rd Annual Symposium on
                Foundations of Computer Science",
        publisher="IEEE Computer Society Press",
        year="1995",
        pages="453--462"
        }
        @incollection{
HK96,
        author="T.~A. Henzinger and P.W. Kopke",
        title="State equivalences for rectangular hybrid automata",
        booktitle="CONCUR 96: Concurrency Theory",
        editor="U. Montanari and V. Sassone",
        series="Lecture Notes in Computer Science 1119",
        publisher="Springer-Verlag",
        year="1996",
        pages="530--545"
        }

        @article{
HKPV98,
        author="T.~A. Henzinger and P.W. Kopke and A. Puri and P. Varaiya",
        title="What's decidable about hybrid automata?",
        journal="Journal of Computer and System Sciences",
        volume="57",
        year="1998",
        pages="94--124"
        }
        @article{
HNSY94,
        author="T.~A. Henzinger and X. Nicollin and J. Sifakis and S. Yovine",
        title="Symbolic model checking for real-time systems",
        journal="Information and Computation",
        volume="111",
        number="2",
        year="1994",
        pages="193--244"
        }

	@article{
Higman52,
	author="G. Higman",
	title="Ordering by divisibility in abstract algebras",
	journal="Proc. London Math. Society",
	volume="2",
	number="7",
	year="1952",
	pages="326--336"
	}
	
	@book{
HirschSmale74,
	author="M.W. Hirsch and S. Smale",
	title="Differential Equations, Dynamical Systems, and Linear Algebra",
	publisher="Academic Press",
	year="1974"
	}

	@article{
Hoare78,
        author="C.A.R. Hoare",
	title="Communicating sequential processes",
	journal="Communications of the ACM",
	volume="21",
	number="8",
	year="1978",
	pages="666--677"
	}

	@book{
Hoare85,
        author="C.~A.~R. Hoare",
	title="Communicating Sequential Processes",
	publisher="Prentice-Hall",
        year="1985"
        }
@article{HK66,
        author = "A.~J. Hoffman and R.M. Karp",
        title = "On Nonterminating Stochastic Games",
        journal = "Management Sciences",
        volume = 12,
        number = 5,
        mese = jan,
        year = 1966,
        pages = "359--370",
        group = "GT"
        }
@article{RagFil91,
        author = "T.~E.~S. Raghavan and J.~A. Filar",
        title = "Algorithms for Stochastic Games --- A Survey",
        journal = "{ZOR} --- Methods and Models of Op.\ Res.",
        volume = 35,
        pages = "437--472",
        year = 1991,
        group = "GT",
        summary = "Very nice survey of algorithms for solving infinite
                stochastic games, discounted and undiscounted."
        }
@article{Sha53,
        author = "L.S. Shapley",
        title = "Stochastic Games",
        journal = "Proc.\ Nat.\ Acad.\ Sci. {USA}",
        volume = 39,
        pages = "1095-1100",
        year = 1953,
        summary = "Foundational paper for theory of infinite games"
        }
	@inproceedings{
HoffmannWongToi92,
	author="G. Hoffmann and {Wong-Toi}, H.",
  	title="The input-output control of real-time discrete-event systems",
	booktitle="Proceedings of the 13th Annual Real-time Systems 
		Symposium",
	publisher="IEEE Computer Society Press",
	year="1992",
	pages="256--265"
	}	

	@incollection{
HLW91,
	author="U. Holmer and K.G. Larsen and W. Yi",
	title="Deciding properties of regular real timed processes",
	booktitle="CAV 91: Computer-aided Verification",
	editor="K.G. Larsen and A. Skou",
	series="LNCS 575",
	publisher="Springer-Verlag",
	year="1991",
	pages="443--453"
	}

	@book{
Holzmann91,
	author="G.J. Holzmann",
	title="Design and Validation of Computer Protocols",
	publisher="Prentice-Hall",
	year="1991"
	}

	@phdthesis{
Hooman91,
	author="J. Hooman",
	title="Specification and Compositional Verification of Real-time
		Systems",
        school="Technische Universiteit Eindhoven",
	address="The Netherlands",
        year="1991"
	}

        @incollection{
Hooman92,
	author="J. Hooman",
 	title="Compositional verification of real-time systems using 
		extended {Hoare} triples",
	booktitle="Real Time: Theory in Practice",
        editor="de Bakker, J.~W. and K. Huizing and de Roever, W.-P. and 
        	G. Rozenberg",
        series="LNCS 600",
        publisher="Springer-Verlag",
        year="1992",
	pages="252--290"
        }

	@incollection{
HoomanWidom89,
        author="J. Hooman and J. Widom",
	title="A temporal-logic-based compositional proof system for
		real-time message passing",
	booktitle="PARLE 89: Parallel Architectures and Languages Europe",
	editor="E. Odijk and M. Rem and J.-C. Syre",
	series="vol.~II, LNCS 366",
	publisher="Springer-Verlag",
        year="1989",
	pages="424--441"
	}

	@book{
HopcroftUllman79,
        author="J.E. Hopcroft and J.D. Ullman",
	title="Introduction to Automata Theory, Languages, and Computation",
	publisher="Addison-Wesley Publishing Company",
        year="1979"
        }

	@incollection{
Hungar93,
	author="H. Hungar",
	title="Combining model checking and theorem proving to verify 
		parallel processes",
	booktitle="CAV 93: Computer-aided Verification",
	editor="C. Courcoubetis",
	series="LNCS 697",
	publisher="Springer-Verlag",
	year="1993",
	pages="154--165"
	}

	@article{
Immerman81,
        author="N. Immerman",
	title="Number of quantifiers is better than number of tape cells",
	journal="Journal of Computer and System Sciences",
        volume="22",
        year="1981",
	pages="384--406"
        }

	@article{
JahanianMok86,
        author="F. Jahanian and A.K. Mok",
	title="Safety analysis of timing properties in real-time systems",
	journal="IEEE Transactions on Software Engineering",
        volume="SE-12",
	number="9",
        year="1986",
	pages="890--904"
        }

	@article{
JahanianMok87,
	author="F. Jahanian and A.K. Mok",
	title="A graph-theoretic approach for timing analysis and its 
        	implementation",
	journal="IEEE Transactions on Computers",
	volume="C-36",
	number="8",
	year="1987",
	pages="961--975"
	}

	@inproceedings{
JahanianStuart88,
        author="F. Jahanian and D.A. Stuart",
	title="A method for verifying properties of {M}odechart
		specifications",
	booktitle="Proceedings of the Ninth Annual Real-time Systems 
		Symposium",
	publisher="IEEE Computer Society Press",
        year="1988",
	pages="12--21"
	}

	@phdthesis{
Jayasimha88,
	author="D.N. Jayasimha",
	title="Communication and Synchronization in Parallel Computation",
        school="University of Illinois at Urbana-Champaign",
        year="1988"
	}

	@incollection{
Jonsson91,
        author="B. Jonsson",
	title="Simulations between specifications of distributed systems",
	booktitle="CONCUR 91: Theories of Concurrency",
	editor="J.C.M. Baeten and J.F. Groote",
	series="LNCS 527",
	publisher="Springer-Verlag",
        year="1991",
	pages="346--360"
	}
@inproceedings{JouSmol90,
	author = "C.-C. Jou and S.A. Smolka",
	title = "Equivalences, Congruences and Complete
	    Axiomatizations for Probabilistic Processes", 
	booktitle = "CONCUR 90: Concurrency Theory",
	series = "Lecture Notes in Computer Science", 
	volume = 458,
	pages = "367--383",
	publisher = "Springer-Verlag", 
	year = 1990, 
	summary = "Studies trace, failure, ready, and bisimulation
	    equivalences of probabilistic systems. Propose PCCS for
	    communicating probabilistic processes."
	}
@inproceedings{JW95,
        author =        "D. Janin and I. Walukiewicz",
        title =         "Automata for the modal $\mu$-calculus and
                         related results",
        booktitle =     "Proc. 20th International Symp. on
                         Mathematical Foundations of Computer Science",
        pages           = "552-562",
        series          = "Lecture Notes in Computer Science",
        publisher       = "Springer-Verlag",
        year            = 1995
}

@inproceedings{JW96,
        author =        "D. Janin and I. Walukiewicz",
        title =         "On the expressive completeness of the
                  propositional $\mu$-calculus with respect to the
                  monadic second order logic",
        booktitle   =   "Proc. 7th Conference on Concurrency Theory",
        series      =   "Lecture Notes in Computer Science",
        volume      =   "1119",
        pages           = "263--277",
        publisher       = "Springer-Verlag",
        year            = 1996
}
@article{Jur98,
        author      = "M. Jurdzi\'nski",
        title       = "Deciding the Winner in Parity Games is in {UP}
                  $\cap$ co-{UP}",
        journal     = "Information Processing Letters",
        volume      = 68,
        number      = 3,
        pages       = "119-124",
        year        = 1998
}


@inproceedings{Jur00,
  author =       {M. Jurdzi\'nski},
  title =        {Small Progress Measures for Solving Parity Games},
  booktitle =    {STACS'00},
  pages =        {290--301},
  year =         {2000},
  publisher =    {LNCS 1770, Springer}
}

	@inproceedings{
Kahn74,
        author="G. Kahn",
	title="The semantics of a simple language for parallel programming",
	booktitle="Information Processing 74: Proceedings of the Sixth 
        	IFIP World Computer Congress",
	editor="J.L. Rosenfeld",
	publisher="Elsevier Science Publishers",
        year="1974",
	pages="471--475"
	}

	@phdthesis{
Kamp68,
	author="J.~A.~W. Kamp",
	title="Tense Logic and the Theory of Linear Order",
        school="University of California at Los Angeles",
        year="1968"
	}

	@article{
KanellakisSmolka90,
	author="P.C. Kanellakis and S.A. Smolka",
        title="{CCS} expressions, finite-state processes, and three problems 
  		of equivalence",
	journal="Information and Computation",
        volume="86",
        year="1990",
	pages="43--68"
        }

	@article{
Keller76,
        author="R.M. Keller",
	title="Formal verification of parallel programs",
	journal="Communications of the ACM",
        volume="19",
	number="7",
        year="1976",
	pages="371--384"
        }

	@book{
Kelley55,
        author="J.L. Kelley",
	title="General Topology",
	publisher="Springer-Verlag",
        year="1955"
        }

	@incollection{
KPBV95,
	author="S.C. Krishnan and A. Puri and R.K. Brayton and P. Varaiya",
	title="The Rabin index and chain automata, with
                       applications to automata and games",
	booktitle="CAV 95: Computer-aided Verification",
	editor="C. Courcoubetis",
	series="LNCS 939",
	publisher="Springer-Verlag",
	year="1995",
	pages="253--266"
	}


@incollection{
HKKM02,
	author="T.~A. Henzinger and S.C. Krishnan and O. Kupferman and 
		F.Y.C. Mang",
        title="Synthesis of uninitialized systems",
	booktitle="ICALP'02",
	series="LNCS 2380",
	publisher="Springer",
        year="2002",
	pages="644--656"
	}


	

	@incollection{
KPSY93,
	author="Y. Kesten and A. Pnueli and J. Sifakis and S. Yovine",
	title="Integration graphs: a class of decidable hybrid systems",
	booktitle="Hybrid Systems",
	editor="R.~L. Grossman and A. Nerode and A.~P. Ravn and H. Rischel",
	series="LNCS 736",
	publisher="Springer-Verlag",
        year="1993",
	pages="179--208"
	}

	@article{
Koymans90,
        author="R. Koymans",
	title="Specifying real-time properties with metric temporal logic",
	journal="Real-time Systems",
        volume="2",
	number="4",
        year="1990",
	pages="255--299"
        }

	@incollection{
KoymansDeRoever85,
        author="R. Koymans and de Roever, W.-P.",
	title="Examples of a real-time temporal specification",
	booktitle="The Analysis of Concurrent Systems",
	editor="B.D. Denvir and W.T. Harwood and M.I. Jackson and M.J. Wray",
	series="LNCS 207",
	publisher="Springer-Verlag",
        year="1985",
	pages="231--252"
	}

	@article{
KSdR88,
        author="R. Koymans and R.K. Shyamasundar and de Roever, W.-P. and 
      		R. Gerth and S. Arun-Kumar",
	title="Compositional semantics for real-time distributed computing",
	journal="Information and Computation",
        volume="79",
	number="3",
        year="1988",
	pages="210--256"
        }

	@inproceedings{
KVdR83,
        author="R. Koymans and J. Vytopil and de Roever, W.-P.",
	title="Real-time programming and asynchronous message passing",
	booktitle="Proceedings of the Second Annual Symposium on
		Principles of Distributed Computing",
	publisher="ACM Press",
        year="1983",
	pages="187--197"
	}

	@article{
Kozen83mu,
        author="D. Kozen",
	title="Results on the propositional $\mu$-calculus",
	journal="Theoretical Computer Science",
	volume="27",
	number="3",
        year="1983",
	pages="333--354"
	}

@inproceedings{Kozen83,
    	author = "D. Kozen",
    	title = "A Probabilistic {PDL}",
    	booktitle = "STOC 83: Theory of Computing",
    	year = 1983,
    	pages = "291--297",
	summary = "Gives a very nice dynamic logic to be used on 
	    Markovian models - but the models are richer than this.
	    In the end, one gets a probabilistic model for programs
	    but cannot really use it for reliability or performance"
    	}

	@inproceedings{
KPB95,
        author      =   "S.C. Krishnan and A. Puri and R.K. Brayton",
        title       =   "Structural Complexity of $\omega$-Automata",
        booktitle =     "Symposium on Theoretical Aspects of Computer
                         Science",
        series          = "Lecture Notes in Computer Science",
        volume          = 900,
        publisher       = "Springer-Verlag",
        year =          1995,
}

	@phdthesis{
Kupferman95,
	author="O. Kupferman",
	title="Model Checking for Branching-time Temporal Logics",
        school="The Technion",
        year="1995"
	}
	@article{
KVW00,
        author     =    "O. Kupferman and M.Y. Vardi and P. Wolper",
        title      =    "An Automata-Theoretic Approach to
                         Branching-Time Model Checking",
        journal    =    "Journal of the ACM",
        volume     =    47,
        number     =    2,
        pages      =    "312-360",
        month      =    "March",
        year       =    "2000"
}

@inproceedings{KV00b,
        author      =   "O. Kupferman and M.Y. Vardi",
        title       =   "$\mu$-calculus Synthesis",
        booktitle   =   "Proc. 25th International Symp. on
                         Mathematical Foundations of Computer Science",
        series      = "Lecture Notes in Computer Science",
        volume      =  "1893",
        pages       = "497--507",
        publisher       = "Springer-Verlag",
        year        =   "2000"
}

@inproceedings{KV00c,
        author      =   "O. Kupferman and M.Y. Vardi",
        title       =   "An automata-theoretic approach to reasoning
                  about infinite-state systems",
        booktitle   =   "Computer Aided Verification, Proc. 12th  International
                         Conference",
        pages       =   "36--52",
        series      =   "Lecture Notes in Computer Science",
        volume      =   "1855",
        publisher   =   "Springer-Verlag",
        year        =   "2000"
}


@article{KV00d,
        author     =    "O. Kupferman and M.Y. Vardi",
        title      =    "An Automata-Theoretic Approach to
                         Modular Model Checking",
        journal    =    "ACM Transactions on Programming Languages and
                  Systems",
        volume     =    22,
        pages      =    "87-128",
        year       =    "2000"
}

	@article{
KVW01,
        author     =    "O. Kupferman and M.Y. Vardi and P. Wolper",
        title      =    "Module Checking",
        journal    =    "Information and Computation",
        volume     =    164,
        pages      =    "322-344",
        year       =    "2001"
}
	@inproceedings{
KV03,
        author      =   "O. Kupferman and M.Y. Vardi",
        title       =   "Safraless decision procedures",
        booktitle   =   "FOCS 03: Foundations of Computer Science",
        publisher   =   "IEEE Computer Society Press",
        year        =   "2003"
}


	@incollection{
Kurshan90,
	author="R.~P. Kurshan",
	title="Analysis of discrete-event coordination",
        series="LNCS 430",
        publisher="Springer-Verlag",
        year="1990",
	pages="414--453"
	}

        @book{
Kurshan94,
	author="R.~P. Kurshan",
	title="Computer-aided Verification of Coordinating Processes",
	publisher="Princeton University Press",
	year="1994"
	}

@inproceedings{Kur94b,
      author    = "R.~P. Kurshan",
      title     = "The Complexity of Verification",
      booktitle = "Proc. 26th ACM Symp. on Theory of Computing",
      address   = "Montreal",
      pages     = "365--371",
      year      = "1994"
}

@book{Kur98,
        author="R.~P. Kurshan",
        title="FormalCheck User's Manual",
        year=1998,
        publisher={Cadence Design, Inc.}
}
  
	@incollection{
KurshanLamport93,
	author="R.~P. Kurshan and L. Lamport",
	title="Verification of a multiplier: 64 bits and beyond",
	booktitle="CAV 93: Computer-aided Verification",
	editor="C. Courcoubetis",
	series="LNCS 697",
	publisher="Springer-Verlag",
	year="1993",
	pages="166--179"
	}

	@incollection{
KMOS95,
        author="R.~P. Kurshan and M. Merritt and A. Orda and S.R. Sachs",
	title="Modeling asynchrony with a synchronous model",
	booktitle="CAV 95: Computer-aided Verification",
	editor="P. Wolper",
	series="LNCS 939",
	publisher="Springer-Verlag",
        year="1995",
	pages="339--352"
	}
        @article{
Lamport74,
        author = "L.~Lamport",
        title = "A new solution of dDijkstra's concurrent programming problem",
        journal = "Communications of the ACM",
        volume = "17",
        pages  = "453--455",
        year =  "1974"
        }

	@article{
Lamport77,
        author="L. Lamport",
	title="Proving the correctness of multiprocess programs",
	journal="IEEE Transactions on Software Engineering",
        volume="SE-3",
	number="2",
        year="1977",
	pages="125--143"
        }

	@inproceedings{
Lamport83ifip,
        author="L. Lamport",
	title="What good is temporal logic?",
	booktitle="Information Processing 83: Proceedings of the Ninth 
        	IFIP World Computer Congress",
	editor="R.E.~A. Mason",
	publisher="Elsevier Science Publishers",
        year="1983",
	pages="657--668"
	}

	@article{
Lamport83toplas,
        author="L. Lamport",
	title="Specifying concurrent program modules",
	journal="ACM Transactions on Programming Languages and Systems",
        volume="5",
	number="2",
        year="1983",
	pages="190--222"
        }

	@article{
Lamport87,
	author="L. Lamport",
	title="A fast mutual exclusion algorithm",
	journal="ACM Transactions on Computer Systems",
	volume="5",
	number="1",
	year="1987",
	pages="1--11"
	}

	@article{
Lamport94,
	author="L. Lamport",
	title="The {T}emporal {L}ogic of {A}ctions",
	journal="ACM Transactions on Programming Languages and Systems",
        volume="16",
	number="3",
        year="1994",
	pages="872--923"
	}
	@inproceedings{
LBCJM94,
        author     =    "D. Long and A. Brown and E. Clarke and S. Jha
                  and W. Marrero",
        title      =    "An improved algorithm for the evaluation of
                  fixpoint expressions",
        booktitle  =    "CAV 94: Computer-Aided Verification",
        series     =    "Lecture Notes in Computer Science",
        volume     =    "818",
        year       =    "1994",
        publisher  =    "Springer-Verlag",
        pages      =    "338--350",
}


	@article{
LGSBB95,
	author="C. Loiseauxc and S. Graf and J. Sifakis and A. Bouajjani and S. Bensalem",
	year="1995",
	title="Property-preserving abstractions for the verification of concurrent
  systems",
	journal="Formal Methods in System Design",
	volume="6", 
	pages="11--44"
	}

	@inproceedings{
LPY95,
	author="K.G. Larsen and P. Pettersson and W. Yi",
	title="Compositional and symbolic model checking of real-time
		systems",
	booktitle="Proceedings of the 16th Annual Real-time Systems 
		Symposium",
	publisher="IEEE Computer Society Press",
        year="1995",
	pages="76--87"
	}

	@inproceedings{
LeeYannakakis92,
	author="D. Lee and M. Yannakakis",
	title="Online minimization of transition systems",
	booktitle="Proceedings of the 24th Annual Symposium on
		Theory of Computing",
	publisher="ACM Press",
	year="1992",
	pages="264--274"
	}

        @inproceedings{
LeeDavidson92,
        author="I. Lee and S. Davidson",
        title="An overview of an integrated toolset under development for
		the {CSR} paradigm",
	booktitle="Proceedings of the Workshop on Responsive Computer
		Systems",
	year="1992"
	}

	@incollection{
LPS82,
        author="D. Lehman and A. Pnueli and J. Stavi",
	title="Impartiality, justice, and fairness: the ethics of concurrent 
		termination",
        booktitle="ICALP 82: Automata, Languages, and Programming",
        series="LNCS 115",
        publisher="Springer-Verlag",
        year="1982",
	pages="264--277"
	}

	@article{
Lemmon66,
        author="E.J. Lemmon",
	title="Algebraic semantics for modal logics",
	journal="The Journal of Symbolic Logic",
        volume="31",
	number="2",
        year="1966",
        pages="191--218"
        }

	@incollection{
LevesonStolzy85,
	author="N. Leveson and J. Stolzy",
	title="Analyzing safety and fault tolerance using timed {P}etri Nets",
	booktitle="Proceedings of International Joint Conference on Theory 
		and Practice of Software Development",
	series="LNCS 186",
        publisher="Springer-Verlag",
	year="1985",
	pages="339--355"
	}

	@inproceedings{
Lewis90,
        author="H.R. Lewis",
	title="A logic of concrete time intervals",
	booktitle="Proceedings of the Fifth Annual Symposium on 
        	Logic in Computer Science",
	publisher="IEEE Computer Society Press",
        year="1990",
	pages="380--389"
	}

	@inproceedings{
LichtensteinPnueli85,
        author="O. Lichtenstein and A. Pnueli",
	title="Checking that finite-state concurrent programs satisfy 
	        their linear specification",
	booktitle="Proceedings of the 12th Annual Symposium on
		Principles of Programming Languages",
	publisher="ACM Press",
        year="1985",
	pages="97--107"
	}

	@incollection{
LPZ85,
        author="O. Lichtenstein and A. Pnueli and L.D. Zuck",
	title="The glory of the past",
	booktitle="Logics of Programs",
	editor="R. Parikh",
	series="LNCS 193",
	publisher="Springer-Verlag",
        year="1985",
	pages="196--218"
	}

	@article{
Loewe02,
	author="B. L{\"o}we",
	title="Playing with mixed strategies on infinite sets",
	journal="International Journal of Game Theory",
	volume = "31",
	year = "2002", 
	pages="137--150"
	}

	@inproceedings{
LynchAttiya90,
        author="N.A. Lynch and H. Attiya",
	title="Using mappings to prove timing properties",
	booktitle="Proceedings of the Ninth Annual Symposium on 
        	Principles of Distributed Computing",
	publisher="ACM Press",
        year="1990",
	pages="265--280"
	}

	@incollection{
LSVW96,
	author="N.A. Lynch and R. Segala and F. Vaandrager and H.B. Weinberg",
	title="Hybrid {I/O} {A}utomata",
	booktitle="Hybrid Systems III",
	editor="R. Alur and T.~A. Henzinger and E.D. Sontag",
	series="LNCS 1066",
	publisher="Springer-Verlag",
        year="1996",
        pages="496--510"
	}

	@inproceedings{
LynchTuttle87,
        author="N.A. Lynch and M.R. Tuttle",
	title="Hierarchical correctness proofs for distributed algorithms",
	booktitle="Proceedings of the Sixth Annual Symposium on 
        	Principles of Distributed Computing",
	publisher="ACM Press",
        year="1987",
	pages="137--151"
	}

        @incollection{
LynchVaandrager92rex,
	author="N.A. Lynch and F. Vaandrager",
 	title="Forward and backward simulations for timing-based systems",
	booktitle="Real Time: Theory in Practice",
        editor="de Bakker, J.~W. and K. Huizing and de Roever, W.-P. and 
        	G. Rozenberg",
        series="LNCS 600",
        publisher="Springer-Verlag",
        year="1992",
	pages="397--446"
        }

	@incollection{
LynchVaandrager92concur,
	author="N.A. Lynch and F. Vaandrager",
	title="Action transducers and timed automata",
	booktitle="CONCUR 92: Theories of Concurrency",
	editor="R.J. Cleaveland",
	series="LNCS 630",
	publisher="Springer-Verlag",
	year="1992",
	pages="436-455"
	}

	@article{
LynchVaandrager96,
        author="N.A. Lynch and F. Vaandrager",
        title="Forward and Backward Simulations, Part II: Timing-based
                Systems",
	journal="Information and Computation",
	volume="128",
        number="1",
        year="1996",
	pages="1--25"
        }

        @incollection{
MMP92,
	author="O. Maler and Z. Manna and A. Pnueli",
 	title="From timed to hybrid systems",
        booktitle="Real Time: Theory in Practice",
        editor="de Bakker, J.~W. and K. Huizing and de Roever, W.-P. and 
        	G. Rozenberg",
        series="LNCS 600",
        publisher="Springer-Verlag",
        year="1992",
	pages="447--484"
	}

	@incollection{
MalerPnueli93,
	author="O. Maler and A. Pnueli",
	title="Reachability analysis of planar multi-linear systems",
	booktitle="CAV 93: Computer-aided Verification",
	editor="C. Courcoubetis",
	series="LNCS 697",
	publisher="Springer-Verlag",
	year="1993",
	pages="194--209"
	}

	@incollection{
MPS95,
	author="O. Maler and A. Pnueli and J. Sifakis",
	title="On the synthesis of discrete controllers for timed systems",
	booktitle="STACS'95",
	series="LNCS 900",
	publisher="Springer",
	year="1995",
	pages="229--242"
	}

	@incollection{
Manna94,
        author="Z. Manna",
	title="Beyond model checking",
	booktitle="CAV 94: Computer-aided Verification",
	editor="D.~L. Dill",
	series="LNCS 818",
	publisher="Springer-Verlag",
        year="1994",
	pages="220--221"
        }

	@inproceedings{
MKP96,
	author="Z. Manna and Y. Kesten and A. Pnueli",
	title="Verifying clocked transition systems",
	booktitle="Hybrid Systems III",
	editor="R. Alur and T.~A. Henzinger and E.D. Sontag",
	series="LNCS 1066",
	publisher="Springer-Verlag",
        year="1996",
        pages="13--40"
	}

	@inproceedings{
MannaPnueli83:popl,
        author="Z. Manna and A. Pnueli",
	title="How to cook a temporal proof system for your pet language",
	booktitle="Proceedings of the Tenth Annual Symposium on
		Principles of Programming Languages",
	publisher="ACM Press",
        year="1983",
	pages="141--154"
	}

	@incollection{
MannaPnueli83:icalp,
        author="Z. Manna and A. Pnueli",
	title="Proving precedence properties: the temporal way",
	booktitle="ICALP 83: Automata, Languages, and Programming",
	editor="J. Diaz",
	series="LNCS 154",
	publisher="Springer-Verlag",
        year="1983",
	pages="491--512"
	}

	@article{
MannaPnueli84,
        author="Z. Manna and A. Pnueli",
	title="Adequate proof principles for invariance and liveness
		properties of concurrent programs",
	journal="Science of Computer Programming",
        volume="4",
	number="3",
        year="1984",
	pages="257--289"
        }

	@incollection{
MannaPnueli89:rex,
        author="Z. Manna and A. Pnueli",
	title="The anchored version of the temporal framework",
	booktitle="Linear Time, Branching Time, and Partial Order in Logics
		and Models for Concurrency",
        editor="de Bakker, J.~W. and de Roever, W.-P. and G. Rozenberg",
	series="LNCS 354",
	publisher="Springer-Verlag",
        year="1989",
	pages="201--284"
        }

	@incollection{
MannaPnueli89:icalp,
        author="Z. Manna and A. Pnueli",
	title="Completing the temporal picture",
	booktitle="ICALP 89: Automata, Languages, and Programming",
	editor="G. Ausiello and M. {Dezani-Ciancaglini} and 
		Ronchi Della Rocca, S.",
	series="LNCS 372",
	publisher="Springer-Verlag",
        year="1989",
	pages="534--558"
	}

	@inproceedings{
MannaPnueli90,
        author="Z. Manna and A. Pnueli",
	title="A hierarchy of temporal properties",
	booktitle="Proceedings of the Ninth Annual Symposium on 
        	Principles of Distributed Computing",
	publisher="ACM Press",
        year="1990",
	pages="377--408"
	}

	@book{
MannaPnueliVol1,
        author="Z. Manna and A. Pnueli",
	title="The Temporal Logic of Reactive and Concurrent Systems:
 		Specification",
	publisher="Springer-Verlag",
        year="1992"
        }

	@incollection{
MannaPnueli93hybrid,
	author="Z. Manna and A. Pnueli",
	title="Verifying hybrid systems",
	booktitle="Hybrid Systems",
	editor="R.~L. Grossman and A. Nerode and A.~P. Ravn and H. Rischel",
	series="LNCS 736",
	publisher="Springer-Verlag",
        year="1993",
	pages="4--35"
	}

	@article{
MannaPnueli93acta,
	author="Z. Manna and A. Pnueli",
	title="Models for reactivity",
	journal="Acta Informatica",
	volume="30",
	number="2",
        year="1993",
	pages="609--678"
	}

	@book{
MannaPnueli95vol2,
        author="Z. Manna and A. Pnueli",
	title="Temporal Verification of Reactive Systems: Safety",
	publisher="Springer-Verlag",
        year="1995"
        }

	@article{
MannaWolper84,
        author="Z. Manna and P. Wolper",
	title="Synthesis of communicating processes from temporal-logic 
    		specifications",
	journal="ACM Transactions on Programming Languages and Systems",
        volume="6",
	number="1",
        year="1984",
	pages="68--93"
        }
@article{Mar75,
        author="D.A. Martin",
        title="{Borel} determinacy",
        journal="Annals of Mathematics",
        volume="102(2)",
        pages= "363--371",
        year=1975
        }
@article{Martin90,
        author="D.A. Martin",
        title="An extension of {Borel} determinacy",
        journal="Annals of Pure and Applied Logic",
        volume=49,
        pages= "279--293",
        year=1990
        }
@article{Mar98,
        author="D.A. Martin",
        title="The determinacy of {Blackwell} games",
        journal="The Journal of Symbolic Logic",
        volume=63,
        number=4,
        pages= "1565--1581",
        publisher="Association for Symbolic Logic",
        year=1998
        }
@article{MNV03,
        author="D.A. Martin and I. Neeman and M. Vervoort",
        title="The strength of {Blackwell} determinacy",
        journal="The Journal of Symbolic Logic",
        volume=68,
        number=2,
        pages= "615--636",
        publisher="Association for Symbolic Logic",
        year=2003
        }
@article{Ornstein69,
        author = "D. Ornstein",
        title = "On the Existence of Stationary Optimal Strategies",
        journal = "Proc.\ Am.\ Math.\ Soc.",
        volume = 20,
        year = 1969,
        pages = "563--569"
        }
	@incollection{
Mazurkiewics89,
	author="A. Mazurkiewics",
	title="Basic notions of trace theory",
	booktitle="Linear Time, Branching Time, and Partial Order in Logics
		and Models for Concurrency",
        editor="de Bakker, J.~W. and de Roever, W.-P. and G. Rozenberg",
	series="LNCS 354",
	publisher="Springer-Verlag",
        year="1989",
	pages="285--363"
	}

	@incollection{
McManisVaraiya94,
	author="J. McManis and P. Varaiya",
	title="Suspension automata: a decidable class of hybrid automata",
	booktitle="CAV 94: Computer-aided Verification",
	editor="D.~L. Dill",
	series="LNCS 818",
	publisher="Springer-Verlag",
	year="1994",
        pages="105--117"
	}

	@book{
McMillan93,
	author="K.L. McMillan",
	title="Symbolic Model Checking: An Approach to the State-Explosion 
		Problem",
	publisher="Kluwer Academic Publishers",
  	year="1993"	
	}

	@incollection{
McMillan94,
        author="K.L. McMillan",
	title="Hierarchical representations of discrete functions, with 
		application to model checking",
	booktitle="CAV 94: Computer-aided Verification",
	editor="D.~L. Dill",
	series="LNCS 818",
	publisher="Springer-Verlag",
        year="1994",
	pages="41--54"
        }

	@article{
McNaughton66,
        author="R. McNaughton",
	title="Testing and generating infinite sequences by a finite 
		automaton",
	journal="Information and Control",
        volume="9",
	number="5",
        year="1966",
	pages="521--530"
        }

	@article{
McNaughton93,
        author="R. McNaughton",
	title="Infinite games played on finite graphs",
	journal="Annals of Pure and Applied Logic",
        volume="65",
        year="1993",
	pages="149--184"
        }

	@book{
McNaughtonPapert71,
        author="R. McNaughton and S. Papert",
	title="Counter-free Automata",
	publisher="The MIT Press",
	year="1971"
        }

	@incollection{
MelliarSmith89,
        author="{Melliar-Smith}, P.M.",
	title="Extending interval logic to real-time systems",
	booktitle="Temporal Logic in Specification",
	editor="B. Banieqbal and H. Barringer and A. Pnueli",
	series="LNCS 398",
	publisher="Springer-Verlag",
        year="1989",
	pages="224--242"
	}

	@article{
MerlinFarber76,
        author="P.M. Merlin and D.J. Farber",
	title="Recoverability of communication protocols: implications of 
        	a theoretical study",
	journal="IEEE Transactions on Communications",
        volume="COM-24",
	number="9",
        year="1976",
	pages="1036--1043"
        }

	@incollection{
MMT91,
        author="M. Merritt and F. Modugno and M.R. Tuttle",
	title="Time-constrained automata",
	booktitle="CONCUR 91: Theories of Concurrency",
	editor="J.C.M. Baeten and J.F. Groote",
	series="LNCS 527",
	publisher="Springer-Verlag",
        year="1991",
	pages="408--423"
	}

        @inproceedings{
Milner71,
        author="R. Milner",
        title="An algebraic definition of simulation between programs",
        booktitle="Second International Joint Conference on Artificial 
		Intelligence",
        publisher="The British Computer Society",
        year="1971",
        pages="481--489"
        }

	@book{
Milner80,
        author="R. Milner",
	title="A Calculus of Communicating Systems",
	series="LNCS 92",
	publisher="Springer-Verlag",
        year="1980"
        }

	@article{
Milner83,
        author="R. Milner",
	title="Calculi for synchrony and asynchrony",
	journal="Theoretical Computer Science",
	volume="25",
	number="3",
	year="1983",
	pages="267--310"
	}

	@book{
Milner89,
        author="R. Milner",
	title="Communication and Concurrency",
	publisher="Prentice-Hall",
        year="1989"
        }
@incollection{Milner90,
         author = "R. Milner",
         title = "Operational and Algebraic Semantics of Concurrent Processes",
         booktitle = "Handbook of Theoretical Computer Science",
         editor = "J. van Leeuwen",
         publisher = "Elsevier Science Publishers (North-Holland)",
	pages = "1202--1242",
	volume = "B",
         ADDRESS = "Amsterdam",
         year = 1990
        }

	@incollection{
MollerTofts90,
        author="F. Moller and C. Tofts",
	title="A temporal calculus of communicating processes",
	booktitle="CONCUR 90: Theories of Concurrency",
	editor="J.C.M. Baeten and J.~W. Klop",
	series="LNCS 458",
	publisher="Springer-Verlag",
        year="1990", 
	pages="401--415"
	}
@incollection{Morris82,
	author="J. M. Morris",
	title="A general axiom of assignment",
	booktitle="Theoretical Foundations of Programming Methodology",
	series="Lecture Notes of an International Summer School",
	publisher="D. Reidel Publishing Company",
	year="1982",
	pages="25-34"
	}

	@incollection{
Mostowski84,
        author="A.W. Mostowski",
	title="Regular expressions for infinite trees and a standard form
		of automata",
	booktitle="5th Symposium on Computation Theory",
	series="LNCS 208",
	publisher="Springer",
        year="1984", 
	pages="157--168"
	}

        @techreport{
Mostowski91,
        author="A.W. Mostowski",
        title="Games with forbidden positions",
	institution="Uniwersytet Gda{\'n}ski, Instytyt Matematyki",
	number="78",
	year="1991"
	}

	
	@article{
Moszkowski85,
        author="B. Moszkowski",
	title="A temporal logic for multi-level reasoning about hardware",
	journal="IEEE Computer",
        volume="18",
	number="2",
        year="1985",
	pages="10--19"
        }

	@incollection{
NaikSistla94,
        author="V.G. Naik and A.~P. Sistla",
	title="Modeling and verification of a real-life protocol using
		symbolic model checking",
	booktitle="CAV 94: Computer-aided Verification",
	editor="D.~L. Dill",
	series="LNCS 818",
	publisher="Springer-Verlag",
        year="1994",
	pages="194--206"
        }

	@inproceedings{
NarayanaAaby88,
        author="K.T. Narayana and A.A. Aaby",
	title="Specification of real-time systems in real-time temporal 
        	interval logic",
	booktitle="Proceedings of the Ninth Annual Real-time Systems 
		Symposium",
	publisher="IEEE Computer Society Press",
        year="1988",
	pages="86--95"
	}

	@inproceedings{
NassorVidalNaquet92,
	author="E. Nassor and {Vidal-Naquet}, G.",
	title="Suitability of the propositional temporal logic to
        	express properties of real-time systems",
	booktitle="TACS 92: Theoretical Aspects of Computer Science",
        series="LNCS",
        publisher="Springer-Verlag",
	year="1992"
	}

	@book{
NemhauserWolsey,
	author="G.L. Nemhauser and L.A. Wolsey",
	title="Integer and Combinatorial Optimization",
	publisher="Wiley",
	year="1988"
	} 

	@incollection{
NerodeKohn93a,
        author="A. Nerode and W. Kohn",
        title="Multiple-agent hybrid control architecture",
	booktitle="Hybrid Systems",
	editor="R.~L. Grossman and A. Nerode and A.~P. Ravn and H. Rischel",
	series="LNCS 736",
	publisher="Springer-Verlag",
        year="1993",
        pages="297--316"
	}

	@incollection{
NerodeKohn93b,
        author="A. Nerode and W. Kohn",
        title="Models for hybrid systems: automata, topologies, 
                controllability, observability",
	booktitle="Hybrid Systems",
	editor="R.~L. Grossman and A. Nerode and A.~P. Ravn and H. Rischel",
	series="LNCS 736",
	publisher="Springer-Verlag",
        year="1993",
        pages="317--356"
	}

	@incollection{
NOSY93,
        author="X. Nicollin and A. Olivero and J. Sifakis and S. Yovine",
	title="An approach to the description and analysis of hybrid systems",
	booktitle="Hybrid Systems I",
	editor="R.~L. Grossman and A. Nerode and A.~P. Ravn and H. Rischel",
	series="LNCS 736",
	publisher="Springer-Verlag",
        year="1993",
	pages="149--178"
        }

	@inproceedings{
NRSV90,
        author="X. Nicollin and J.-L. Richier and J. Sifakis and J. Voiron",
	title="{\sc {A}tp}: an algebra for timed processes",
	booktitle="Proceedings of the IFIP WG2.2/2.3 Working Conference on 
        	Programming Concepts and Methods",
	editor="M. Broy and C.B. Jones",
	publisher="Elsevier Science Publishers",
        year="1990",
	pages="415--442"
	}

        @incollection{
NicollinSifakis91,
	author="X. Nicollin and J. Sifakis",
	title="An overview and synthesis on timed process algebras",
	booktitle="CAV 91: Computer-aided Verification",
	editor="K.G. Larsen and A. Skou",
	series="LNCS 575",
	publisher="Springer-Verlag",
	year="1991",
	pages="376--398"
        }

	@article{
NSY92,
	author="X. Nicollin and J. Sifakis and S. Yovine",
	title="Compiling real-time specifications into extended automata",
	journal="IEEE Transactions on Software Engineering",
        volume="SE-18",
	number="9",
        year="1992",
	pages="794--804"
        }

        @article{
NSY93,
	author="X. Nicollin and J. Sifakis and S. Yovine",
	title="From {\sc {A}tp} to timed graphs and hybrid systems",
	journal="Acta Informatica",
	volume="30",
        year="1993",
	pages="181--202"
        }

	@article{
NPW81,
	author="M. Nielsen and G. Plotkin and G. Winskel",
        title="Petri nets, event structures, and domains, part~I",
  	journal="Theoretical Computer Science",
	volume="13",
  	year="1981",
  	pages="85--108"
	}

        @incollection{
OSY94,
	author="A. Olivero and J. Sifakis and S. Yovine",
	title="Using abstractions for the verification of linear hybrid 
		systems",
	booktitle="CAV 94: Computer-aided Verification",
	editor="D.~L. Dill",
	series="LNCS 818",
	publisher="Springer-Verlag",
	year="1994",
	pages="81--94"
        }

	@book{
Ostroff90,
        author="J.S. Ostroff",
	title="Temporal Logic of Real-time Systems",
	publisher="Research Studies Press",
        year="1990"
        }

	@article{
OwickiGries76,
	author="S. Owicki and D. Gries",
	title="An axiomatic proof technique for parallel programs",
	journal="Acta Informatica",
	volume="6",
	number="4",
	year="1976",
  	pages="319--340"
	}

	@article{
OwickiLamport82,
        author="S. Owicki and L. Lamport",
	title="Proving liveness properties of concurrent programs",
	journal="ACM Transactions on Programming Languages and Systems",
        volume="4",
	number="3",
        year="1982",
	pages="455--495"
        }

	@article{
PaigeTarjan87,
	author="R. Paige and R.E. Tarjan",
        title="Three partition-refinement algorithms",
	journal="SIAM Journal of Computing",
        volume="16",
	number="6",
        year="1987",
	pages="973--989"
        }

	@incollection{
Peled93,
	author="D. Peled",
	title="All from one, one for all: on model checking using 
		representatives",
	booktitle="CAV 93: Computer-aided Verification",
	editor="C. Courcoubetis",
	series="LNCS 697",
	publisher="Springer-Verlag",
	year="1993",
	pages="409--423"
	}

	@inproceedings{
Pnueli77,
        author="A. Pnueli",
	title="The temporal logic of programs",
	booktitle="Proceedings of the 18th Annual Symposium on 
		Foundations of Computer	Science",
	publisher="IEEE Computer Society Press",
        year="1977",
	pages="46--57"
	}

	@article{
Pnueli81,
	author="A. Pnueli",
	title="The temporal semantics of concurrent programs",
	journal="Theoretical Computer Science",
	volume="13",
	number="1",
	year="1981",
	pages="45--60"
	}

	@inproceedings{
Pnu85,
        author      =   "A. Pnueli",
        title       =   "Applications of Temporal Logic to the
                         Specification and Verification of Reactive Systems:
                         A Survey of Current Trends",
        booktitle   =   "Proc. Advanced School on Current Trends
                         in Concurrency",
        pages       =   "510--584",
        publisher   =   "Volume~224, LNCS, Springer-Verlag",
        address     =   "Berlin",
        year        =   "1985"
}


	@incollection{
Pnu85a,
        author      =   "A. Pnueli",
        title       =   "In transition from global to modular temporal
                         reasoning about programs",
        booktitle   =   "Logics and Models of Concurrent Systems",
        editor      =   "K. Apt",
        series      =   "{NATO}  Advanced Summer Institutes",
        publisher   =   "Springer-Verlag",
        year        =   "1985",
        volume      =   "F-13",
        pages       =   "123--144",
}

	@incollection{
Pnueli86,
        author="A. Pnueli",
	title="Applications of temporal logic to the specification and 
        	verification of reactive systems: a survey of current
		trends",
	booktitle="Current Trends in Concurrency",
        editor="de Bakker, J.~W. and de Roever, W.-P. and G. Rozenberg",
	series="LNCS 224",
	publisher="Springer-Verlag",
        year="1986",
        pages="510--584"
	}

	@inproceedings{
PnueliDeRoever82,
        author="A. Pnueli and de Roever, W.-P.",
   	title="Rendez-vous with {Ada}: a proof-theoretical view",
   	booktitle="Proceedings of the SIGPLAN AdaTEC Conference on Ada",
	publisher="ACM Press",
	year="1982",
	pages="129--137"
	}

	@incollection{
PnueliHarel88,
        author="A. Pnueli and E. Harel",
	title="Applications of temporal logic to the specification of 
        	real-time systems",
	booktitle="Formal Techniques in Real-time and Fault-tolerant Systems",
	editor="M. Joseph",
	series="LNCS 331",
	publisher="Springer-Verlag",
        year="1988",
	pages="84--98"
	}

	@inproceedings{
PR79,
        author =        "G.L. Peterson and J.H. Reif",
        title =         "Multiple-Person Alternation",
        booktitle   =   "Proc. 20st IEEE Symp. on Foundation of
                         Computer Science",
        pages =         "348--363",
        year =          1979
}

	@inproceedings{
PnueliRosner89,
        author="A. Pnueli and R. Rosner",
	title="On the synthesis of a reactive module",
	booktitle="POPL'89",
	publisher="ACM Press",
        year="1989",
	pages="179--190"
	}
	@inproceedings{
PR89b,
        author =        "A. Pnueli and R. Rosner",
        title =         "On the Synthesis of an Asynchronous Reactive Module",
        booktitle   =   "Proc. 16th International Colloquium on Automata, Languages
                         and Programming",
        publisher   =   "Lecture Notes in Computer Science, Springer-Verlag",
        volume      =    372,
        month =         "July",
        pages =         "652--671",
        year =          1989
}


@inproceedings{PR90,
        author =        "A. Pnueli and R. Rosner",
        title =         "Distributed Reactive Systems are hard to
                         Synthesize",
        booktitle   =   "Proc. 31st IEEE Symp. on Foundation of
                         Computer Science",
        pages =         "746--757",
        year =          1990
}

	@article{
Post44,
        author="E. Post",
	title="Recursively enumerable sets of positive integers and their decision problems",
	journal="Bulletin of the AMS",
        volume="50",
        year="1944",
	pages="284--316"
        }

	@article{
Pratt80,
        author="V.R. Pratt",
	title="A near-optimal method for reasoning about action",
	journal="Journal of Computer and System Sciences",
        volume="20",
	number="2",
        year="1980",
	pages="231--254"
        }

	@article{
Pratt86,
        author="V.R. Pratt",
	title="Modeling concurrency with partial orders",
	journal="International Journal of Parallel Programming",
	volume="15",
	number="1",
	year="1986",
  	pages="33--71"
	}

	@incollection{
PBV96,
	author="A. Puri and V. Borkar and P. Varaiya",
	title="$\varepsilon$-Approximation of differential inclusions",
	booktitle="Hybrid Systems III",
	editor="R. Alur and T.~A. Henzinger and E.D. Sontag",
	series="LNCS 1066",
	publisher="Springer-Verlag",
        year="1996",
        pages="362--376"
	}

	@incollection{
PuriVaraiya94,
	author="A. Puri and P. Varaiya",
	title="Decidability of hybrid systems with rectangular differential 
		inclusions",
	booktitle="CAV 94: Computer-aided Verification",
	editor="D.~L. Dill",
	series="LNCS 818",
	publisher="Springer-Verlag",
	year="1994",
	pages="95--104"
	}

        @unpublished{
PuriVaraiya95,
        author="A. Puri and P. Varaiya",
        title="Verification of hybrid systems using abstractions",
        note="To appear",
        year="1995"
        }

	@incollection{
QueilleSifakis81,
        author="J. Queille and J. Sifakis",
	title="Specification and verification of concurrent systems in 
		{CESAR}",
	booktitle="Fifth International Symposium on Programming",
	editor="{Dezani-Ciancaglini}, M. and U. Montanari",
	series="LNCS 137",
	publisher="Springer-Verlag",
        year="1981",
	pages="337--351"
	}

	@incollection{
Rabin57,
        author="M.O. Rabin",
	title="Effective computability of winning strategies",
	booktitle="Contributions to the Theory of Games (Volume III)",
	editor="M. Dresher and A.W. Tucker and P. Wolfe",
	series="Annals of Mathematical Studies 39",
	publisher="Princeton University Press",
        year="1957",
	pages="147--157"
	}

@book{Rabin69a,
    	author = "M.O. Rabin",
    	title = "Automata on Infinite Objects and Church's Problem",
    	series = "Conference Series in Mathematics",
    	year = 1969,
    	number = 13,
    	publisher = "American Mathematical Society",
    	}

	@article{
RamadgeWonham87,
	author="P.J. Ramadge and W.M. Wonham",
	title="Supervisory control of a class of discrete-event processes",
	journal="SIAM Journal of Control and Optimization",
	volume="25",
	number="1",
	year="1987",
	pages="206--230"
	}
	@article{
RW89,
        author =        "P.J.G. Ramadge and W.M. Wonham",
        title =         "The control of discrete event systems",
        journal     =   "{IEEE} Transactions on Control Theory",
        volume      =   "77",
        pages       =   "81-98",
        year =          "1989"
}

	@misc{
Raskin98,
	author="J.-F. Raskin",
	title="Personal communication",
	year="1998"
	}

	@incollection{
RaskinSchobbens97,
	author="J.-F. Raskin and P.-Y. Schobbens",
	title="State-clock logic: a decidable real-time logic",
	booktitle="HART 97: Hybrid and Real-time Systems",
	editor="O. Maler",
	series="LNCS 1201",
	publisher="Springer-Verlag",
        year="1997",
	pages="33--47"
	}

	@article{
ReedRoscoe88,
        author="G.M. Reed and A.W. Roscoe",
	title="A timed model for communicating sequential processes",
	journal="Theoretical Computer Science",
	volume="58",
	number="1/2/3",
	year="1988",
	pages="249--261"
	}

	@book{
Reisig85,
  	author="W. Reisig",
	title="Petri Nets: An Introduction",
  	publisher="Springer-Verlag",
  	year="1985"
	}

	@book{
Rogers67,
        author="Rogers, Jr., H.",
	title="Theory of Recursive Functions and Effective Computability",
	publisher="McGraw-Hill Book Company",
        year="1967"
        }

	@mastersthesis{
Ron84,
	author="D. Ron",
	title="Temporal Verification of Communication Protocols",
        school="The Weizmann Institute of Science", 
	address="Rehovot, Israel",
        year="1984"
	}


	@phdthesis{
Safra89,
        author      =   "S. Safra",
        title       =   "Complexity of automata on infinite objects",
        school      =   "Weizmann Institute of Science",
        year        =   "1989",
        address     =   "Rehovot, Israel"
}

@inproceedings{Safra92,
        author = "S. Safra",
        title = "Exponential Determinization for $\omega$-Automata
            with Strong-Fairness Acceptance Condition",
	booktitle="Proceedings of the 24th Annual Symposium on
		Theory of Computing",
	publisher="ACM Press",
        year = 1992,
        pages = "275--282",
        }


        @article{
Savitch70,
        author="W.J. Savitch",
        title="Relationship between nondeterministic and deterministic tape 
		    classes",
        journal="Journal of Computer and System Sciences",
	volume="4",
        year="1970",
	pages="177--194"
        }

	@techreport{
Schneider87,
	author="F.B. Schneider",
	title="Understanding Protocols for Byzantine Clock Synchronization",
	institution="Cornell University",
	number="CSD-TR-87-859",
	year="1987"
	}

  	@inproceedings{
Schneider88,
	author="F.B. Schneider",
	title="Real-time, reliable systems project",
	booktitle="Proceedings of the ONR Kickoff Workshop for the
        	Foundations of Real-time Computing Research Initiative",
	publisher="Office of Naval Research",
	year="1988",
	pages="28--32"
	}

	@book{
Schneider94,
	author="F.B. Schneider",
	title="On Concurrent Programming",
	year="To appear"
 	}

	@inproceedings{
SBM92,
	author="F.B. Schneider and B. Bloom and K. Marzullo",
	title="Putting time into proof outlines",
        booktitle="Real Time: Theory in Practice",
        editor="de Bakker, J.~W. and K. Huizing and de Roever, W.-P. and 
        	G. Rozenberg",
        series="LNCS 600",
        publisher="Springer-Verlag",
        year="1992",
	pages="618--639"
	}
@phdthesis{SegalaT,
    	author = "R. Segala",
    	title = "Modeling and Verification of Randomized Distributed
    	    	Real-Time Systems",
    	school = "MIT",
    	year = 1995,
    	note = "Technical Report MIT/LCS/TR-676"
    	}
	@article{
Sei96,
  author =       {H. Seidl},
  title =        {Fast and Simple Nested Fixpoints},
  journal =      {Information Processing Letters},
  year =         {1996},
  volume =       {59},
  number =       {6},
  pages =        {303--308},
}

	@article{
ShankarLam87,
	author="A.U. Shankar and S. Lam",
	title="Time-dependent distributed systems: proving safety,
        	liveness, and timing properties",
	journal="Distributed Computing",
	volume="2",
	number="2",
	year="1987",
	pages="61--79"
	}

	@inproceedings{
SPE84,
        author="D.E. Shasha and A. Pnueli and W. Ewald",
	title="Temporal verification of carrier-sense local area network
        	protocols",
	booktitle="Proceedings of the 11th Annual Symposium on
		Principles of Programming Languages",
	publisher="ACM Press",
        year="1984",
	pages="54--65"
	}

	@article{
Sifakis82,
        author="J. Sifakis",
	title="A unified approach for studying the properties of 
        	transition systems",
	journal="Theoretical Computer Science",
	volume="18",
        year="1982",
	pages="227--258"
	}

	@book{
Smullyan68,
        author="R.M. Smullyan",
	title="First-order Logic",
	publisher="Springer-Verlag",
        year="1968"
        }

	@incollection{
SinghalPixley94,
        author="V. Singhal and C. Pixley",
	title="The verification problem for safe replaceability",
	booktitle="CAV 94: Computer-aided Verification",
	editor="D.~L. Dill",
	series="LNCS 818",
	publisher="Springer-Verlag",
        year="1994",
	pages="311--323"
        }

	@phdthesis{
Sistla83,
	author="A.~P. Sistla",
	title="Theoretical Issues in the Design and Verification of 
		Distributed Systems",
        school="Harvard University",
        year="1983"
	}

	@article{
SistlaClarke85,
        author="A.~P. Sistla and E.~M. Clarke",
	title="The complexity of propositional linear temporal logics",
	journal="Journal of the ACM",
        volume="32",
	number="3",
        year="1985",
	pages="733--749"
        }

	@incollection{
Stirling95,
        author="C.P. Stirling",
        title ="Local Model Checking Games", 
	booktitle="CONCUR 95: Concurrency Theory",
	series="Lecture Notes in Computer Science 962",
	publisher="Springer-Verlag",
        year="1995",
	pages="1--11"
        }

	@article{
StirlingWalker91,
	author="C.P. Stirling and D.J. Walker",
	title="Local model checking in the modal $\mu$-calculus",
	journal="Theoretical Computer Science",
	volume="89",
	number="1",
	year="1991"
	}

	@phdthesis{
Stockmeyer74,
	author="L.J. Stockmeyer",
	title="The Complexity of Decision Problems in Automata Theory and 
		Logic",
        school="Massachusetts Institute of Technology",
        year="1974"
	}


	@inproceedings{
StockmeyerMeyer73,
	author="L.J. Stockmeyer and A.R. Meyer",
	title="Word problems requiring exponential time",
	booktitle="Proceedings of the 5th Annual Symposium on
		Theory of Computing",
	publisher="ACM Press",
	year="1973",
	pages="1--9"
	}

	@incollection{
TAKB96,
        author="S. Ta\c{s}iran and R. Alur and R.~P. Kurshan and R.K. Brayton",
	title="Verifying abstractions of timed systems",
	booktitle="CONCUR 96: Concurrency Theory",
        editor="U. Montanari",
	series="LNCS",
	publisher="Springer-Verlag",
        year="1996",
	pages="546--562"
        }

	@article{
Thomas81,
        author="Wolfgang Thomas",
	title="A combinatorial approach to the theory of $\omega$-automata",
	journal="Information and Control",
        volume="48",
	number="3",
        year="1981",
	pages="261--283"
        }

	@incollection{
Thomas90,
	author="W. Thomas",
	title="Automata on infinite objects",
  	booktitle="Handbook of Theoretical Computer Science",
	volume="B",
	editor="van Leeuwen, J.",
  	publisher="Elsevier",
	year="1990",
        pages="133--191"
	}
@inproceedings{Thomas95,
	author = "W. Thomas",
	title = "On the Synthesis of Strategies in Infinite Games",
	booktitle = "STACS'95",
	pages = "1--13",
	publisher = "Springer", 
	series = "LNCS 900", 
	year = 1995
	}


@InCollection{Thomas97,
  author =       {Thomas, W.},
  title =        {Languages, Automata, and Logic},
  booktitle =    {Handbook of Formal Languages},
  publisher =    {Springer},
  year =         {1997},
  editor =       {Rozenberg, G. and Salomaa, A.},
  volume =       {3, Beyond Words},
  OPTnumber =    {},
  OPTseries =    {},
  chapter =      {7},
  OPTtype =      {},
  OPTaddress =   {},
  OPTedition =   {},
  OPTmonth =     {},
  pages =        {389--455}
}


	@incollection{
TripakisYovine96,
	author="S. Tripakis and S. Yovine",
	title="Analysis of timed systems based on time-abstracting 
	        bisimulations",
	booktitle="CAV 96: Computer-aided Verification",
	series="LNCS",
	publisher="Springer-Verlag",
	year="1996",
	pages="232--243"
	}
		  
      	@incollection{
Valmari90,
	author="A. Valmari",
 	title="A stubborn attack on state explosion",
	booktitle="CAV 90: Computer-aided Verification",
	editor="R.~P. Kurshan and E.~M. Clarke",
	series="LNCS 531",
	publisher="Springer-Verlag",
	year="1990",
	pages="25--42"
	}

      	@incollection{
vBW01CONCUR,
	author="F. van Breugel and J. Worrel",
 	title="An algorithm for quantitative verification of probabilistic transition systems",
	booktitle="CONCUR 01: Concurrency Theory",
	series="Lecture Notes in Computer Science 2154",
	publisher="Springer-Verlag",
	year="2001",
	pages="336--350"
	}

      	@incollection{
vBW01ICALP,
	author="F. van Breugel and J. Worrel",
 	title="Towards quantitative verification of probabilistic systems",
	booktitle="ICALP 01: Automata, Languages, and Programming",
	series="Lecture Notes in Computer Science 2076",
	publisher="Springer-Verlag",
	year="2001",
	pages="421--432"
	}

	@book{
vanBenthem83,
	author="van Benthem, J.",
	title="The Logic of Time",
	publisher="D. Reidel Publishing Company",
	year="1983"
	}

	@phdthesis{
vanGlabbeek90,
	author="van Glabbeek, R.J.",
	title="Comparative Concurrency Semantics and Refinement of Actions",
        school="Vrije Universiteit te Amsterdam",
	address="The Netherlands",
        year="1990"
	}

	@article{
Varaiya93,
	author="P. Varaiya",
	title="Smart cars on smart roads: problems of control",
	journal="IEEE Transactions on Automatic Control",
	volume="38",
	number="2",
	year="1993",
	pages="195--207"
	}

@inproceedings{VardiP85,
        author = "M.Y. Vardi",
        title = "Automatic Verification of Probabilistic Concurrent
            Finite-State Systems",
	booktitle="FOCS'85",
	publisher="IEEE Computer Society Press",
        year = 1985,
        pages = "327--338",
        group = "PR"
        }


	@inproceedings{
Vardi88,
        author="M.Y. Vardi",
	title="A temporal fixpoint calculus",
	booktitle="Proceedings of the 15th Annual Symposium on
		Principles of Programming Languages",
	publisher="ACM Press",
        year="1988",
	pages="250--259"
	}

        @article{
VardiWolper86jcss,
        author="M.Y. Vardi and P. Wolper",
        title="Automata-theoretic techniques for modal logics of programs",
        journal="Journal of Computer and System Sciences",
	volume="32",
        year="1986",
	pages="183--221"
        }

        @inproceedings{
VardiWolper86lics,
        author="M.Y. Vardi and P. Wolper",
        title="An automata-theoretic approach to automatic program 
		verification",
        booktitle="Proceedings of the First Annual Symposium on 
        	Logic in Computer Science",
        publisher="IEEE Computer Society Press",
        year="1986",
	pages="322--331"
        }

	@article{
VardiWolper94,
        author="M.Y. Vardi and P. Wolper",
	title="Reasoning about infinite computations",
	journal="Information and Computation",
	volume="115",
	number="1",
        year="1994",
	pages="1--37"
	}

	@inproceedings{
Walter83,
        author="B. Walter",
	title="Timed {Petri} nets for modeling and analyzing protocols 
        with real-time characteristics",
	booktitle="Proceedings of the Third IFIP WG6.1 International
        	Workshop on Protocol Specification, Testing, and 
		Verification",
	editor="H. Rudin and C.H. West",
	publisher="Elsevier Science Publishers",
        year="1983",
	pages="149--159"
	}

	@inproceedings{
Wang95,
	author="F. Wang",
	title="Timing behavior analysis for real-time systems",
	booktitle="Proceedings of the Tenth Annual Symposium on
		Logic in Computer Science",
	publisher="IEEE Computer Society Press",
	year="1995",
	pages="112--122"
	}

	@inproceedings{
WME90,
	author="F. Wang and A.K. Mok and E.~A. Emerson",
	title="Real-time distributed system specification and verification
        	in asynchronous propositional temporal logic",
	booktitle="Proceedings of the 12th International Conference on
        	Software Engineering",
	year="1992"
	}

	@incollection{
Wilke94,
        author="T. Wilke",
	title="Specifying timed state sequences in powerful decidable logics
		and timed automata",
	booktitle="FTRTFT 94: Formal Techniques in Real-time and 
		Fault-tolerant Systems",
	editor="H. Langmaack and de Roever, W.-P. and J. Vytopil",
	series="LNCS 863",
	publisher="Springer-Verlag",
        year="1994",
	pages="694--715"
        }

	@book{
Wolfram88,
	author="S. Wolfram",
	title="Mathematica: A System for Doing Mathematics by Computer",
	publisher="Addison-Wesley Publishing Company",
        year="1988"
        }

	@phdthesis{
Wolper82,
        author="P. Wolper",
	title="Synthesis of Communicating Processes from Temporal-Logic 
		Specifications",
        school="Stanford University",
        year="1982"
        }

	@article{
Wolper83,
        author="P. Wolper",
	title="Temporal logic can be more expressive",
	journal="Information and Control",
        volume="56",
	number="1/2",
        year="1983",
	pages="72--99"
        }

	@inproceedings{
WongToi97,
	author="H. Wong-Toi",
	title="The synthesis of controllers for linear hybrid automata",
	booktitle="Proceedings of the 36th Conference on Decision and
		Control",
	publisher="IEEE Computer Society Press",
        year="1997",
	pages="4607--4612"
	}
	
	@incollection{
WB98,
	author="P. Wolper and B. Boigelot",
 	title="Verifying systems with infinite but regular state spaces",
	booktitle="CAV 98: Computer-aided Verification",
	series="LNCS 1427",
	publisher="Springer-Verlag",
	year="1998",
	pages="88--97"
	}

	@inproceedings{
WVS83,
        author="P. Wolper and M.Y. Vardi and A.~P. Sistla",
	title="Reasoning about infinite computation paths",
	booktitle="Proceedings of the 24th Annual Symposium on 
        	Foundations of Computer	Science",
	publisher="IEEE Computer Society Press",
        year="1983",
	pages="185--194"
	}

	@incollection{
WongToiDill90,
	author="{Wong-Toi}, H. and D.~L. Dill",
 	title="Synthesizing processes and schedulers from temporal 
		specifications",
	booktitle="CAV 90: Computer-aided Verification",
	editor="R.~P. Kurshan and E.~M. Clarke",
	series="LNCS 531",
	publisher="Springer-Verlag",
	note="1990",
	pages="272--281"
	}

	@incollection{
Yi90,
        author="W. Yi",
	title="Real-time behavior of asynchronous agents",
	booktitle="CONCUR 90: Theories of Concurrency",
	editor="J.C.M. Baeten and J.~W. Klop",
	series="LNCS 458",
	publisher="Springer-Verlag",
        year="1990", 
	pages="502--520"
	}

        @inproceedings{
Church62,
        author="A. Church",
        title="Logic, arithmetic, and automata",
        booktitle="Proceedings of the International Congress of Mathematicians",
        publisher="Institut Mittag-Leffler",
        year="1962",
	pages="23--35"
        }

        @inproceedings{
ZSS94,
        author="S. Zhang and O. Sokolsky and S. Smolka",
        title="On the parallel complexity of model checking and the 
                $\mu$-calculus",
        booktitle="Proceedings of the Ninth Annual Symposium on 
        	Logic in Computer Science",
        publisher="IEEE Computer Society Press",
        year="1994",
	pages="154--163"
        }
	@inproceedings{
SifakisRTSS99,
	author = "K. Altisen and G. {G{\"o}ssler} and A. Pnueli and J. Sifakis and S. Tripakis and S. Yovine",
	title ="A Framework for Scheduler Synthesis",
	booktitle ="RTSS 99: Real-Time Systems Symposium",
	year = 1999,
	publisher = "IEEE Press",
	pages ="154--163"
	}
	@inproceedings{
GD00,
	author ="S.G. Govindaraju and D.~L. Dill",
	title = "Counterexample-guided Choice of Projections in Approximate Symbolic Model Checking",
	booktitle= "ICCAD 00: International Conference on Computer-Aided Design",
	year = 2000,
	publisher = "ACM Press",
	pages = "??--??",
	}
@book{Owen95,
        author = "G. Owen",
        title = "Game Theory",
        publisher = "Academic Press",
        year= 1995
        }
@book{vNM47,
        author = "J. von Neumann and O. Morgenstern",
        title = "Theory of games and economic behavior",
        publisher = "Princeton University Press",
        year = 1947
        }
@article{Hoare69,
	author = "C.~A.~R. Hoare",
	title = "An Axiomatic Basis for Computer Programming",
	journal = "Communications of the {ACM}", 
	volume = 12, 
	pages = "576--580",
	year = 1969
	}
@article{OwickiGries76,
	author = "S. Owicki and D. Gries",
	title = "An Axiomatic Proof Technique for Parallel Programs",
	journal = "Acta Informatica",
	volume = 6, number = 4, 
	pages = "319--340", 
	year = 1976
	}
@book{Reisig85,
	author = "W. Reisig",
	title = "Petri Nets: an Introduction",
	publisher = "Springer", 
	year = 1985
	}
@inproceedings{PentiumBug,
	author = "V. Pratt",
	title = "Anatomy of the Pentium Bug",
	year = 1995,
	booktitle = "Theory and Practice of Software Development ({TAPSOFT})"
	}
@inproceedings{Murphi96,
	author = "D.~L. Dill",
	title  =  "The {Murphi} Verification System", 
	booktitle = "CAV 96: Computer-Aided Verification",
	publisher = "Springer-Verlag", series = "Lecture Notes in Computer Science", 
	volume = "1102",
	pages="390--393",
	year = 1996
	}
@book{Cospan95,
	author = "P. Kurshan",
	title = "Computer-Aided Verification of Coordinating
	Processes: The Automata-Theoretic Approach",
	publisher = "Princeton University Press",
	year = 1995
	}
@inproceedings{mciver98,
	author = "A. {McIver}", 
	title = "Reasoning About Efficiency Within a Probabilitic 
		$\mu$-calculus", 
	booktitle = "Proceedings of {PROBMIV}", 
	year = 1998, 
	note = "Technical Report CSR-98-4, University of Birmingham, 
		School of Computer Science",
	pages = "45--58"
	}
@article{mciver01,
        author="A. {McIver} and C. Morgan",
	title="Demonic, angelic and unbounded probabilistic choices in sequential programs",
	journal="Acta Informatica",
	volume="37",
	number="4/5",
        year="2001",
	pages="329--354"
	}
@inproceedings{MM02,
        author="A. McIver and C. Morgan",
	title  =  "Games, probability, and the quantitative $\mu$-calculus $q\mu$",
	booktitle = "LPAR'02",
	publisher = "LNCS 2514 Springer", 
	pages="292--310",
	year = 2002
	}
@book{Tarski51,
	author="A. Tarski",
	title="A Decision Method for Elementary Algebra and Geometry",
	publisher="University of California Press, Berkeley and Los Angeles",
	year = "1951"
	}
@book{ChangKeisler73,
	author="C.C. Chang and H.J. Keisler",
	title="Model Theory",
	publisher="North Holland",
	edition="3rd edition",
	year = "1990"
	}
@incollection{Weyl50,
	author="H. Weyl",
	title="Elementary proof of a minmax theorem due to von {Neumann}",
	booktitle="Contributions to the Theory of Games, I",
	series="Annals of Mathematical Studies",
	volume="24",
	publisher="Princeton University Press",
	pages="19--25",
	year="1950"
	}
@inproceedings{Eve57,
        author = "H. Everett",
        title = "Recursive Games",
        booktitle = "Contributions to the Theory of Games {III}",
        volume = 39,
        series = "Annals of Mathematical Studies",
        pages = "47--78",
        year = 1957,
        summary = "Proves the existence of supinf stationary
                strategies for many types of recursive games"
        }
@article{KS81,
        author = "P.R. Kumar and T.H. Shiau",
        title = "Existence of Value and Randomized Strategies in
            Zero-sum Discrete-Time Stochastic Dynamic Games",
        journal = "{SIAM} J. Control and Optimization",
        volume = 19, number = 5,
        year = 1981,
        pages = "617--634",
        group = "GT",
        summary = "Analyzes two-player zero-sum games with randomized
            strategies, over general state spaces, and shows existence
            of values and of epsilon-optimal strategies for different
            cases. In particular, it shows that sometimes there are
            epsilon-optimal but not optimal strategies, equal to our
            result of cone subset climit. It discusses also the
            existence of series of optimal and epsilon-optimal stationary
            strategies."
        }

@inproceedings{SL94,
    	author={R. Segala and N.~A. Lynch},
         title={Probabilistic Simulations for Probabilistic Processes},
    	booktitle = "CONCUR 94: Concurrency Theory",
    	pages = "481--496",
    	year = 1994,
	series = "Lecture Notes in Computer Science",
    	publisher = "Springer-Verlag",
    	volume = 836,
	summary = "discusses simulation relations, and preservation of
	    temporal logic properties, defining an analogous to 
	    probabilistic ACTL."
    	}
@article{SL95,
         author={R. Segala and N.~A. Lynch},
         title={Probabilistic Simulations for Probabilistic Processes},
         journal="Nordic Journal of Computing",
         volume = {2},
         number = {2},
         pages = {250--273},
         year={1995}
    	}
@book{Derman,
    	author = "C. Derman",
    	title = "Finite State {Markovian} Decision Processes",
    	year = 1970,
    	publisher = "Academic Press"
    	}
@book{Puterman,
    	author = "M.L. Puterman",
    	title = "{Markov} Decision Processes",
    	year = 1994,
    	publisher = "John Wiley and Sons"
    	}

@book{FV97,
	author = "J. Filar and K. Vrieze",
	title = "Competitive {Markov} Decision Processes",
	publisher = "Springer-Verlag", 
	year = 1997
	}

@article{TujVrieze87,
	author = "F. Thuijsman and O.J. Vrieze",
	title = "The Bad Match, a Total Reward Stochastic Game",
	journal = "Operations Research Spektrum",
	pages = "93--99", volume = 9, 
	year = 1987,
	summary = "Introduces total reward stochastic games"
	}
@article{TR97,
	author = "F. Thuijsman and T.~E.~S. Raghavan",
	title = "Perfect information stochastic games and related classes",
	journal = "International Journal of Game Theory",
	pages = "403--408", volume = 26, 
	year = 1997,
	}
@article{Beeri,
        author      = "C. Beeri",
        title       = "On the membership problem for functional and
                         multivalued dependencies in relational databases",
        journal     = "ACM Trans. on Database Systems",
        volume      = 5,
        pages       = "241--259",
        year        = 1980
}
@inproceedings{CS91,
        author =        "R. Cleaveland and B. Steffen",
        title  =        "A Linear-Time Model-Checking Algorithm for the
                         Alternation-Free Modal $\mu$-Calculus",
        booktitle       = "CAV 91: Computer-Aided Verification", 
        pages           = "48--58",
        series          = "Lecture Notes in Computer Science", 
        volume          = 575,
        publisher       = "Springer-Verlag", 
        year            = 1991
}
@article{BK98, 
	author = "C. Baier and M. Kwiatkowska",
	title = "On the Verification of Qualitative Properties of
	    Probabilistic Processes under Fairness Contraints",
	journal = "Information Processing Letters",
	volume = 66, number = 2,
	pages = "71--79", 
	year = 1998, 
	summary = "discusses a new notion of fairness (which may be
	    impractical to represent) that generalizes extreme and
	    alpha fairness for hybrid systems. Fairness is used as 
	    a substitute for probability, not nondeterminism as in
	    their KB96 paper"
	}
@article{Kwiat89,
	author = "M. Kwiatkowska",
	title = "Survey of Fairness Notions",
	journal = "Information and Software Technology",
	volume = 31, number = 7, 
	pages = "371--386",
	year = 1989
	}
@inproceedings{dA98,
	author = "de Alfaro, L.",
	title = "Stochastic Transition Systems",
	booktitle = "CONCUR 98: Concurrency Theory",
	series = "Lecture Notes in Computer Science", 
	pages = "423--438",
	publisher = "Springer-Verlag", 
	year = 1998
	}
@inproceedings{AH94,
	author = "R. Alur and T.~A. Henzinger",
	title = "Finitary Fairness",
	booktitle = "LICS 94: Logic in Computer Science",
	pages = "52--61",
        publisher="IEEE Computer Society Press",
	year = 1994
	}

	@inproceedings{AH99,
	author = "R. Alur and T.~A. Henzinger",
	title = "Reactive Modules",
	booktitle = "Formal Methods in System Design",
	pages = "207--218",
        publisher="IEEE Computer Society Press",
	year = 1999
	}
	
		

	@inproceedings{
dAHK98,
	author = "de Alfaro, L. and T.~A. Henzinger and O. Kupferman",
	title = "Concurrent Reachability Games",
	booktitle = "FOCS'98",
        publisher="IEEE",
	pages = "564--575",
	year = 1998,
	notes = "An extended version is available as technical report 
	         UCB/ERL M98/33, University of California at Berkeley, 
		 1998"
        }

	@inproceedings{AlurLaTorre01,
	author="R. Alur and S. La Torre",
	title="Deterministic generators and games for {LTL} fragments",
	booktitle="LICS 01: Logic in Computer Science",
	publisher="IEEE Computer Society",
	pages="291--302",
	year="2001",
	}

@book{LinProg,
    	author = "A. Schrijver",
    	title = "Theory of Linear and Integer Programming",
    	year = 1987,
    	publisher = "J. Wiley \& Sons"
    	}
@inproceedings{BdA95,
    	author = "A. Bianco and L. de Alfaro",
    	title = "Model Checking of Probabilistic and Nondeterministic 
    	    	Systems",
    	booktitle = "FSTTCS 95: Software Technology and Theoretical Computer Science",
    	year = 1995,
    	series = "Lecture Notes in Computer Science",
    	volume = 1026,
    	pages = "499--513",
    	publisher = "Springer-Verlag"
    	}
@book{ClarkeBook,
        author="E.~M. Clarke and O. Grumberg and D. Peled",
        title = "Model Checking",
        year= 1999,
        publisher= "MIT Press"
        }
@unpublished{CuDD,
        author="F. Somenzi",
        title="{Colorado University Decision Diagram Package}",
        note="\url{http://vlsi.colorado.edu/~fabio/CUDD/}",
        year="1998"
        }
@article{ProPreTra96,
	author = "C. Morgan and A. McIver and K. Seidel",
	title = "Probabilistic Predicate Transformers",
	journal = "ACM Transactions on Programming Languages and Systems", 
	year = 1996,
	volume = 18,
	number = 3, 
	pages = "325--353",
	summary = "Extends the predicate transformers approach to 
	    deal with demonic nondeterminism."
	}
@misc{Lynchalsoprob,
	author = "N. Lynch",
	title = "Proving Performance Properties (even Probabilistic Ones)",
	year = 1994,
	summary = "Surveys quickly work done in Lynch's group. Not
	    suitable as a basic reference"
	}
@inproceedings{BerkP95,
    	author = "A. Aziz and V. Singhal and F. Balarin and
    	    R.K. Brayton and A.L. Sangiovanni-Vincentelli",
    	title = "It Usually Works: The Temporal Logic of Stochastic Systems",
    	booktitle = "CAV95: Computer-Aided Verification", 
    	series = "Lecture Notes in Computer Science",
    	publisher = "Springer-Verlag",
    	volume = 939,
    	year = 1995,
	summary = "Introduces pCTL on Markov chains, and then
	    considers more general systems, in which the 
	    probabilities are specified by algebrical constraints,
	    and invokes decidability results for these theories to 
	    provide (hugely inefficient) model-checking algorithms"
       	}
@book{Bertsekas95,
	author = "D.P. Bertsekas",
	title = "Dynamic Programming and Optimal Control",
	year = 1995,
	note = "Volumes I and II", 
	publisher = "Athena Scientific"
	}
@book{Williams,
	author = "D. Williams",
	title = "Probability With Martingales",
	year = 1991,
	publisher = "Cambridge University Press"
	}
@inproceedings{ProbMu97,
	author = "M. Huth and M. Kwiatkowska",
	title = "Quantitative Analysis and Model Checking",
	booktitle = "LICS 97: Logic in Computer Science",
	pages = "111--122",
	year = 1997,
        publisher = "IEEE Computer Society Press",
	summary = "Uses fuzzy semantics for &, proposes model-checking
	    algorithms only for some CTL-like mu-calculus, and does not really
	    deal with non-determinism."
	}


@InProceedings{Finkel:2000:CONCUR,
        author    = "Finkel, A. and Iyer, {S. P.} and Sutre, G.",
        title     = "Well-Abstracted Transition Systems",
        booktitle = "CONCUR 00: Concurrency Theory",
        series    = "Lecture Notes in Computer Science 1877",
        publisher = "Springer-Verlag",
        pages     = "566--580",
        year      = "2000",
}
@inproceedings{SaidiSAS2000,
author="H. Saidi",
title="Model Checking Guided Abstraction and Analysis",
booktitle="SAS 00: Static-Analysis Symposium",
pages = "377--396",
publisher="LNCS 1824, Springer-Verlag",
year="2000",
}

@inproceedings{PVS,
author="N. Shankar",
title="Combining theorem proving and model checking through symbolic analysis",
booktitle="CONCUR 00: Concurrency Theory",
pages = "1--16",
series = "Lecture Notes in Computer Science",
volume = 1877, 
publisher="Springer-Verlag",
year="2000",
}

@inproceedings{Warlock,
author = "N. Sterling",
title = "Warlock: a static data race analysis tool",
booktitle = "USENIX Winter 1993 Technical Conference",
pages = "97--106",
year= "1993"
}

@inproceedings{DelzannoPodelski99,
author = "G. Delzanno and A. Podelski",
title = "Model checking in {CLP}",
booktitle = "TACAS 99: Tools and Algorithms for the Construction and Analysis of Systems",
series = "Lecture Notes in Computer Science",
volume= "1579",
pages = "223--239",
publisher = "Springer-Verlag",
year= "1999"
}

@phdthesis{
Kopke96,
        author="P.W. Kopke",
        title="The Theory of Rectangular Hybrid Automata",
        school="Cornell University",
        year="1996"
        }

@phdthesis{
KrishThesis,
        author="K. Chatterjee",
        title="Stochastic $\omega$-Regular Games",
        school="UC Berkeley",
        year="2007"
        }
        @phdthesis{
Tomlin98,
        author="C. Tomlin",
        title="Hybrid Control of Air Traffic Management Systems",
        school="University of California at Berkeley",
        year="1998"
        }


        @unpublished{
CavBook,
        author = "R.~Alur and T.~A. Henzinger",
        title = "Computer-Aided Verification. {A}n Introduction to Model Building
  and Model Checking for Concurrent Systems",
        note = "Draft",
        year = 1998
}




	@article{
BF68,
        author="D.~Blackwell and T.S.~Ferguson",
 	title="The big match",
 	journal="Annals of Mathematical Statistics",
	volume=39,
	pages ="159--163", 
        year="1968"
	}


@inproceedings{dAM01,
	author="L.~de~Alfaro and R.~Majumdar",
 	title="Quantitative Solution of Omega-Regular Games",
	booktitle="STOC'01",
	publisher="ACM Press",
	pages = "675--683", 
	year="2001"
	}

@inproceedings{CJH04,
	author="K.~Chatterjee and M.~Jurdzi{\'{n}}ski and T.~A.~Henzinger",
	title="Quantitative Stochastic Parity Games",
	booktitle="SODA'04",
	publisher="SIAM",
	pages="121--130",
	year="2004"
	}

@inproceedings{CMJ04,
	author="K.~Chatterjee and R.~Majumdar and M.~Jurdzi{\'{n}}ski",
	title="On {N}ash Equilibria in Stochastic Games",
	booktitle="CSL'04",
	publisher="LNCS 3210, Springer",
	year="2004",
	pages="26--40"
		
	}

	@incollection{dAHM03,
	author="L. de Alfaro and T.~A. Henzinger and R. Majumdar",
        title="Discounting the future in systems theory",
	booktitle="ICALP'03",
	series="LNCS 2719",
	publisher="Springer",
        year="2003",
        pages="1022--1037"
	}


	@incollection{HJM03,
	author="T.~A. Henzinger and R. Jhala and R. Majumdar",
        title="Counterexample-guided control",
	booktitle="ICALP'03",
	series="LNCS 2719",
	publisher="Springer",
        year="2003",
        pages="886--902"
	}


	@incollection{SAS00,
	author="T.~A. Henzinger and R. Majumdar and F.Y.C. Mang and
		J.-F. Raskin",
	title="Abstract interpretation of game properties",
	booktitle="SAS'00",
	series="LNCS 1824",
	publisher="Springer",
        year="2000",
	pages="220--239"
	}
	@incollection{AHM00concur,
	author="L. de Alfaro and T.~A. Henzinger and F.Y.C. Mang",
	title="The control of synchronous systems",
	booktitle="CONCUR'00",
	series="LNCS 1877",
	publisher="Springer",
        year="2000",
	pages="458--473"
	}
	@incollection{AHM01sync,
	author="L. de Alfaro and T.~A. Henzinger and F.Y.C. Mang",
	title="The control of synchronous systems, Part II",
	booktitle="CONCUR'01",
	series="LNCS 2154",
	publisher="Springer",
        year="2001",
	pages="566--580"
	}


@Inproceedings{
DetectingErrorsBeforeReaching,
        author="L. de Alfaro and T.~A. Henzinger and F.Y.C. Mang",
        title="Detecting Errors Before Reaching Them",
        booktitle = "CAV'00",
        pages = "186--201",
        year =   "2000"
}



@inproceedings{IgorLics04,
  author    = {I. Walukiewicz},
  title     = {A Landscape with Games in the Background},
  booktitle = {LICS'04},
  publisher={IEEE},
  year      = {2004},
  pages     = {356-366}
}




@inproceedings{Igor,
  author    = {I. Walukiewicz},
  title     = {Pushdown Processes: Games and Model Checking},
  booktitle = {CAV'96},
  year      = {1996},
  pages     = {62-74},
  publisher = {Springer},
  series    = {LNCS 1102}
}



@article{PT87,
        author             ={ C. H. Papadimitriou and J. N. Tsitsiklis},
        journal            = {Mathematics of Operations Research},
        pages            = {441--450},
        title              = {The complexity of {M}arkov Decision Processes},
        volume             = {12},
        year               = {1987}
}


        @incollection{dAFHMS03,
        author="L. de Alfaro and M. Faella and T.~A. Henzinger and 
                R. Majumdar and M. Stoelinga",
        title="The element of surprise in timed games",
	booktitle="CONCUR'03",
	series="LNCS 2761",
	publisher="Springer-Verlag",
        year="2003",
        pages="144--158"
        }



@inproceedings{GS09,
  author    = {V. Gripon and O. Serre},
  title     = {Qualitative Concurrent Stochastic Games with Imperfect Information},
  booktitle = {Proc. of ICALP (2)},
  publisher = {Springer},
  series    = {LNCS 5556},
  year      = {2009},
  pages     = {200-211}
}



@inproceedings{CHP06,
	author="K.~Chatterjee and T.~A. Henzinger and N. Piterman",
	title="Algorithms for {B}{\"u}chi Games",
	booktitle="GDV'06",
	year="2006"
	}

@inproceedings{CDGH10,
  author    = {K. Chatterjee and
               L. Doyen and
               H. Gimbert and
               T. A. Henzinger},
  title     = {Randomness for Free},
  booktitle = {MFCS},
  year      = {2010},
  pages     = {246-257}
}


@inproceedings{BGG09,
  author    = "N. Bertrand and B. Genest and H. Gimbert",
  title     = "Qualitative Determinacy and Decidability of Stochastic Games with Signals",
  booktitle = "Proc. of LICS",
  year      = "2009",
  pages     = "319-328",
  publisher = "IEEE Computer Society"
}

@inproceedings{CHP07,
	author="K.~Chatterjee and T.~A. Henzinger and N. Piterman",
	title="Generalized Parity Games",
	booktitle="FoSSaCS'07",
	series="LNCS 4423, Springer",
	pages="153--167",
	year="2007"
	}



@inproceedings{CHJ04,
	author="K.~Chatterjee and T.~A.~Henzinger and M.~Jurdzi{\'{n}}ski",
	title="Games with Secure Equilibria",
	booktitle="LICS'04",
	publisher="IEEE",
	year="2004",
	pages="160--169"
		
	}

@inproceedings{CJH03,
  author = "K.~Chatterjee  and M.~Jurdzi{\'n}ski and T.~A.~Henzinger",
  title =  "Simple Stochastic Parity Games",
  booktitle = 	 {CSL'03},
  pages = 	 {100--113},
  year = 	 {2003},
  volume = 	 {2803},
  series = 	 {LNCS},
  publisher = {Springer},
}




	@incollection{
Gil57,
	author="D.~Gillete",
 	title="Stochastic games with zero stop probabilitites",
 	booktitle="Contributions to the Theory of Games III",
	publisher="Princeton University Press", 
	pages = "179--188", 
	year="1957"
	}

	@article{
Kak41,
	author="S.~Kakutani",
 	title="A generalization of {Brouwer's} fixed point theorem",
	journal="Duke Journal of Mathematics",
	volume="8",
	pages ="457--459", 	
	year="1941"
	}


@inproceedings{VJ00,
  author = 	 {V\"oge, J. and Jurdzi{\'n}ski, M.},
  title = 	 {A Discrete Strategy Improvement Algorithm for Solving
                  Parity Games},
  booktitle = 	 {CAV'00},
  pages = 	 {202--215},
  year = 	 {2000},
  publisher = {LNCS 1855, Springer}
}





@Article{EM79,
  author =       {Ehrenfeucht, A. and Mycielski, J.},
  title =        {Positional Strategies for Mean Payoff Games},
  journal =      {Int. Journal of Game Theory},
  year =         1979,
  volume =       8,
  number =       {2},
  pages =        {109--113}
}



@inproceedings{BSV03,
  author= {Bj\"orklund, H. and Sandberg,S. and Vorobyov, S.},
  title={A Discrete Subexponential Algorithms for Parity Games},
  booktitle =    {STACS'03},
  publisher = {LNCS 2607, Springer},
  pages =        {663--674},
  year =         {2003},
}



@Article{MN81,
        author="J.F.~Mertens and A.~Neyman",
        title="Stochastic games",
        journal="International Journal of Game Theory",
        volume="10",
        pages ="53--66",
        year="1981"
        }



        @article{
LigLip69,
        author="T. A. Liggett and S. A. Lippman",
        title= "Stochastic games with perfect information and time average payoff",
        journal="Siam Review",
        volume="11",
        year="1969",
        pages="604--607"
        }






	@inproceedings{
LMM03,
	author="R.J.~Lipton and E.~Markakis and A.~Mehta",
 	title="Playing large games using simple strategies",
 	booktitle="EC 03: Electronic Commerce", 
	pages="36--41", 
	publisher="ACM Press",
	year="2003"
	}


@incollection{MF91,
	author="J-F.~Mertens and T.P.~Parthasarathy",
	title="Non zero-sum stochastic games",
	booktitle="Stochastic Games and related topics",
 	editor="T.~E.~S. Raghavan et al", 
	publisher="Kluwer Academic Publishers", 
	pages="145--148", 
	year="1991"
	}

@article{Nash50,
	author="J.F.~Nash Jr",
 	title="Equilibrium points in $n$-person games",
 	journal="Proceedings of the National Academny of Sciences USA",
	volume="36",
	pages ="48--49", 
	year="1950"
	}

@article{SS01,
	author="P.~Secchi and W.D.~Sudderth",
 	title="Stay-in-a-set games",
 	journal="International Journal of Game Theory",
	volume="30",
	pages ="479--490", 
	year="2001"
	}

@article{MS03,
        author="A.~Maitra and W.D.~Sudderth",
        title="Borel stay-in-a-set games",
        journal="International Journal of Game Theory",
        volume="32",
        pages ="97--108",
        year="2003"
        }


@article{Vil00a,
	author="N.~Vieille",
 	title="Two player Stochastic games {I}: a reduction",
	journal="Israel Journal of Mathematics",
	volume="119",
	pages ="55--91", 
	year="2000"
	}
	
@article{Vil00b,
	author="N.~Vieille",
 	title="Two player Stochastic games {II}: the case of recursive games",
	journal="Israel Journal of Mathematics",
	volume="119",
	pages ="93--126", 
	year="2000"
	}

@article{Slo99,
	author="E.~Solan",
	title="Three-player Absorbing Games",
	journal="Mathematics of Operations Research",
	volume="24",
	pages="669--698",
	year="1999"
	}

@article{Slo00,
	author="E.~Solan",
	title="Perturbations of Markov chains with applications to stochastic games",
	journal="Chapter 17, Stochastic Games and Applications, NATO Science Series C,
		Mathematical and Physical Sciences",
	volume="570",
        year="2000",
        pages="265--280",
        note="(editors A.~Neyman and S.~Sorin)"
        }



@article{Slo00a,
	author="E.~Solan",
	title="Stochastic Games with Two Non-absorbing Games",
	journal="Israel Journal of Mathematics",
	volume="119",
	pages ="29--54", 
	year="2000"
	}


@inproceedings{BSV04,
 author= {Bjorklund, H. and Sandberg,S. and Vorobyov, S.},
 title= { A Combinatorial Strongly Subexponential Strategy Improvement Algorithm for
        Mean Payoff Games},
 booktitle ={MFCS'04 },
 pages= {673-685},
 year = {2004}
}

@inproceedings{CB09,
author= {Chaloupka, J. and Brim, L.},
title={Faster algorithm for mean-payoff games}, 
booktitle ={Proc. of MEMICS: Math. and Engineering Methods in Comp. Science},
pages ={45--53},
year ={2009}
}



@inproceedings{
InterfaceAutomata,
	author="L. de Alfaro and T.~A. Henzinger",
	title="Interface automata",
	booktitle="FSE'01",
	publisher="ACM Press",
	year="2001",
	pages="109--120"
	}

@inproceedings{
LucaRupak07,
	author="L. de Alfaro and R. Majumdar and M. Stoelinga and V. Raman",
	title="Game relations and metrics",
	booktitle="LICS'07",
	publisher="IEEE",
	year="2007",
	pages="99--108"
	}


        @incollection{
InterfaceTheories,
        author="L. de Alfaro and T.~A. Henzinger",
        title="Interface theories for component-based design",
        booktitle="EMSOFT'01",
        series="LNCS 2211", 
	publisher="Springer",
        year="2001",
        pages="148--165"
        }





@article{
FairSimulation,
        author= " T.~A. Henzinger and O. Kupferman and S. Rajamani",
        title="Fair Simulation",
        journal="Information and Computation",
        volume="173",
        year="2002",
        pages="64--81"
        }



@inproceedings{ALW89,
  author    = {M. Abadi and
               L. Lamport and
               P. Wolper},
  title     = {Realizable and Unrealizable Specifications of Reactive Systems.},
  booktitle = {ICALP'89},
  year      = {1989},
  pages     = {1-17},
  series ={LNCS 372},
  publisher={Springer}
 
}




@book{Kechris,
        author="A. Kechris",
        title="Classical Descriptive Set Theory",
        publisher="Springer",
        year="1995"
        }



@InCollection{Con93,
  author =       {Condon, A.},
  title =        {On Algorithms for Simple Stochastic Games},
  booktitle =    {Advances in Computational Complexity Theory},
  pages =        {51-73},
  publisher = {American Mathematical Society},
  year =         {1993},
  volume =       {13},
  OPTnumber =    {},
  series =       {DIMACS Series in Discrete Mathematics and
                  Theoretical Computer Science},
  OPTtype =      {},
  OPTchapter =   {},
  OPTaddress =   {},
  OPTedition =   {},
  OPTmonth =     {},
  OPTnote =      {},
  OPTannote =    {}
}






@article{Con92,
	author="A. Condon",
	title="The Complexity of Stochastic Games",
	journal="Information and Computation",
	volume="96(2)",
	pages="203--224",
	year="1992"
	}




@article{Lud95,
	author="W. Ludwig",
	title="A subexponential randomized algorithm for the simple stochastic game problem",
	journal="Information and Computation",
	volume="117",
	pages="151--155",
	year="1995"
	}

@Article{Karp78,
	author="R.M. Karp",
	title="A characterization of the minimum cycle mean in a digraph",
	journal="Discrete Mathematics",
	volume="23",
	pages="309--311",
	year="1978"
	}


@inproceedings{ConitzerSandholm03,
	author="V. Conitzer and T. Sandholm",
 	title="Complexity results about {Nash} equilibria",
	booktitle="IJCAI 03: International Joint Conference on Artificial Intelligence",
	pages = "765--771", 
	year="2003"
	}
@article{Papadimitriou94,
	author="C.H. Papadimitriou",
 	title="On the complexity of the parity argument and other inefficient proofs
		of existence",
	journal="Journal of Computer and Systems Sciences",
	volume="48(3)",
	pages = "498--532", 
	year="1994"
	}
@inproceedings{Papadimitriou01,
	author="C.H. Papadimitriou",
 	title="Algorithms, games, and the internet",
	booktitle="STOC 01: Symposium on Theory of Computing",
	publisher="ACM Press",
	pages = "749--753", 
	year="2001"
	}
	@article{
ZP95,
	author="U. Zwick and M. Paterson",
	title="The complexity of mean payoff games on graphs",
	journal="Theoretical Computer Science",
	volume="158",
	pages="343--359",
	year="1996"
	}
	@book{
Kechris95,
	author="A. Kechris",
	title="Classical Descriptive Set Theory",
	publisher="Springer",
	year="1995"
	}

	@book{Kreps90,
	author="D.M. Kreps",
	title="A Course in Microeconomic Theory",
	publisher="Princeton Univeristy Press",
	year="1990"
	} 
	
	@inproceedings{Namjoshi03,
	author="N. Amla, E.~A. Emerson, K. Namjoshi and R. Trefler",
	title="Abstract patterns for compositional reasoning",
	booktitle=" CONCUR 03: Concurrency Theory",
	year= 2003
	}

	@book{
Kopetz,
	author="H. Kopetz",
	title="Real-Time Systems: Design Principles for Distributed Embedded Applications",
	publisher="Kluwer Academic Publishers",
	year="1997"
	}
	@book{
Thuijsman92,
	author="F. Thuijsman",
	title="Optimality and Equilibria in Stochastic Games", 
	publisher="CWI-Tract 82, CWI, Amsterdam",
	year="1992"
	}

	}

        @inproceedings{QEST04,
        author="K. Chatterjee and L. de Alfaro and T.~A. Henzinger",
        title="Trading memory for randomness",
        booktitle="QEST'04",
	pages="206--217",
        publisher="IEEE",
        year="2004"
        }






@inproceedings{BSV04:tech,
  author= {Bj\"orklund, H. and Sandberg,S. and Vorobyov, S.},
  title={Randomized Subexponential Algorithms for Infinite Games},
  note={Technical Report: DIMACS 2004-09},
  year={2004}
}


@TechReport{DGR-Tech,
  author = 	 {Doyen, L. and Gentilini, R. and Raskin, J.-F.},
  title = 	 {Faster pseudopolynomial algorithms for meanpayoff games},
  institution =  {Universit\'{e} Libre de Bruxelles (ULB)},
  year = 	 2009,
  number =	 {Technical Report 2009.120}
}


@INPROCEEDINGS {PPS06 ,
	AUTHOR = {N. Piterman and A. Pnueli and Y. Sa{\'{}}ar} ,
	BOOKTITLE = "Proc. of Verification, Model Checking and Abstract Interpretation" ,
	NOTE = "LNCS 3855" ,
	PAGES = "364-380" ,
	PUBLISHER = "Springer" ,
	TITLE = "Synthesis of Reactive(1) Designs" ,
	YEAR = "2006"
	}

X

@inproceedings{BCGHJ10,
  author    = {R. Bloem and
               K. Chatterjee and
               K. Greimel and
               T. A. Henzinger and
               B. Jobstmann},
  title     = {Robustness in the Presence of Liveness},
  booktitle = {CAV},
  year      = {2010},
  pages     = {410-424}
}

        @Inproceedings{Reif79,
        author="J. H. Reif",
        title="Universal Games of Incomplete Information",
        booktitle="STOC'79",
        publisher="ACM Press",
        pages="288--308",
        year="1979"
        }





@inproceedings{CdAH04,
        author="K.~Chatterjee and L.~de Alfaro and T.~A.~Henzinger",
        title="The Complexity of Stochastic {R}abin and {S}treett Games",
	booktitle="ICALP'05",
	publisher="LNCS 3580, Springer",
	pages="878--890",
        year="2005",
        }

@inproceedings{CdAH06,
        author="K.~Chatterjee and L.~de Alfaro and T.~A.~Henzinger",
        title="The Complexity of Quantitative Concurrent Parity Games",
	booktitle="SODA'06",
	publisher="ACM-SIAM",
	pages="678--687",
        year="2006"
        }

@inproceedings{CdAH06a,
	author="K. Chatterjee and L. de Alfaro and T.~A. Henzinger",
	title="Strategy Improvement in Concurrent Reachability Games",
	booktitle="QEST'06",
	publisher="IEEE",
	pages="291--300",
	year="2006"
        }


        @inproceedings{Cha06-techrpt,
        author="K. Chatterjee",
        title= "Stochastic {M}{\"u}ller Games are {PSPACE}-complete",
        booktitle="FSTTCS'07",
	note="(To appear)",
        year="2007",
        }

@inproceedings{CH05,
	author="K. Chatterjee and T.~A. Henzinger",
        title="Strategy improvement and randomized subexponential algorithms 
             for stochastic parity games",
        booktitle="STACS'06",
        series="LNCS 3884, Springer",
        year="2006",
        pages="512--523"
        }


@inproceedings{CH05b,
        author="K.~Chatterjee and  T.~A.~Henzinger",
        title="Semiperfect-information Games",
        booktitle="FSTTCS'05",
	publisher="LNCS 3821, Springer",
	pages="1--18",
        year="2005"
        }

@inproceedings{Cha04,
        author="K.~Chatterjee",
        title="Two-player Nonzero-sum $\omega$-regular Games",
	booktitle="CONCUR'05",
	publisher="LNCS 3653, Springer",
	pages="413--427",
        year="2005"
        }



@inproceedings{Zie04,
        author="W.Zielonka",
        title="Perfect-information stochastic parity games",
        booktitle="FoSSaCS'04",
        pages="499--513",
	publisher="LNCS 2987, Springer",
        year="2004"
        }


@incollection{CdAHS03,
  author    = {A. Chakrabarti and L. de Alfaro and T.~A. Henzinger and M. Stoelinga},
  title     = {Resource interfaces},
  booktitle = {Proc. of EMSOFT},
  series    = {LNCS 2855}, 
  publisher = {Springer}, 
  year      = {2003},
  pages     = {117--133}
}
@inproceedings{Sch07,
	author="S.~Schewe",
	title="Solving parity games in big steps",
	booktitle="FSTTCS'07",
	publisher="LNCS 4855, Springer",
	pages="449--460",
	year="2007"
	}

@inproceedings{Fr09,
  author    = {O. Friedmann},
  title     = {An Exponential Lower Bound for the Parity Game Strategy
               Improvement Algorithm as We Know it},
  booktitle = {LICS},
  year      = {2009},
  pages     = {145-156},
  publisher ={IEEE}
}


@PhdThesis{Fr11,
  author = {O. Friedmann},
  title  = {Exponential lower bounds for solving infinitary payoff games and linear programs},
  school = {University Munich},
  year   = {2011}
}

@inproceedings{Sch08,
  author    = {S. Schewe},
  title     = {An Optimal Strategy Improvement Algorithm for Solving Parity
               and Payoff Games},
  booktitle = {CSL},
  year      = {2008},
  pages     = {369-384}
}


@PhdThesis{deAlfaro97,
  author = {de Alfaro, L.},
  title  = {Formal Verification of Probabilistic Systems},
  school = {Stanford University},
  year   = {1997},
  OPTkey =       {},
  OPTaddress =   {},
  OPTtype =      {},
  OPTmonth =     {},
  OPTnote =      {},
  OPTannote =    {}
}

@PhdThesis{Puri95,
  author =       {Puri, A.},
  title =        {Theory of Hybrid Systems and Discrete Event Systems},
  school =       {University of California, Berkeley},
  year =         {1995},
  OPTkey =       {},
  OPTaddress =   {},
  OPTtype =      {},
  OPTmonth =     {},
  OPTnote =      {},
  OPTannote =    {}
}




@inproceedings{JPZ06,
        author="M.~Jurdzi\'nski and M.~Paterson and U.~Zwick",
        title="A Deterministic Subexponential Algorithm for Solving Parity Games",
        booktitle="SODA'06",
	publisher="ACM-SIAM",
	pages="117--123",
        year="2006"
        }


@inproceedings{Cha07,
	author="K.~Chatterjee",
	title="Optimal Strategy Synthesis for Stochastic {M}{\"u}ller Games",
	booktitle="FoSSaCS'07",
	pages="138--152",
	series="LNCS 4423, Springer",
	year="2007"
	}


@inproceedings{CDHR06,
        author="K.~Chatterjee and  L. Doyen and T.~A.~Henzinger and J.F. Raskin",
        title="Algorithms for omega-regular games with Imperfect Information",
        booktitle="CSL'06",
	publisher="LNCS 4207, Springer",
	pages="287--302",
        year="2006"
        }

@inproceedings{CH06b,
        author="K. Chatterjee and T.~A. Henzinger",
        title="Strategy improvement for stochastic {R}abin and {S}treett games",
        booktitle="CONCUR'06",
        series="LNCS 4137, Springer",
        year="2006",
        pages="375--389"
        }

@inproceedings{HD05,
author="P. Hunter and A. Dawar",
title= "Complexity bounds for regular games",
booktitle="MFCS'05",
pages=" 495--506",
year="2005"
}



@inproceedings{EY05,
author="K.~Etessami and M.~Yannakakis",
title="Recursive {M}arkov decision processes and recursive stochastic games",
booktitle="ICALP'05",
series="LNCS 3580, Springer",
pages="891--903",
year="2005"
}


@inproceedings{EY06,
author="K.~Etessami and M.~Yannakakis",
title="Recursive Concurrent Stochastic Games", 
booktitle="ICALP'06 (2)",
series="LNCS 4052, Springer",
pages="324--335",
year="2006"
}



@inproceedings{Zie98,
author="W. Zielonka",
title= "Infinite games on finitely coloured graphs with applications to
automata on infinite trees",
booktitle="Theoretical Computer Science",
volume="200(1-2)",
pages="135--183", 
year="1998"
}



@inproceedings{KV-WAT,
	author="O.~Kupferman and M.Y.~Vardi",
	title="Weak Alternating Automata and Tree Automata Emptiness",
	booktitle="STOC'98",
	publisher="ACM",
	year="1998",
	pages="224--233"
}	

@InProceedings{PP06,
  author = 	 "N. Piterman and A. Pnueli",
  title = 	 "Faster Solution of {R}abin and {S}treett Games",
  booktitle = "LICS'06",
  pages = 	 "275--284",
  year = 	 "2006",
  publisher = "IEEE"
}



@InProceedings{Horn05,
  author = 	 "F. Horn",
  title = 	 "Streett Games on Finite Graphs",
  booktitle = "GDV'05",
  OPTpages = 	 "",
  year = 	 "2005",
  OPTeditor = 	 "",
  OPTvolume = 	 "",
  OPTnumber = 	 "",
}

