@string{iccad = "Proceedings of the International Conference on Computer-Aided Design"}
@string{dac = "Proceedings of the Design Automation Conference"}
@string{ddecs	= "IEEE Workshop on Design and Diagnostics of Electronic Circuits and Systems" }
@string{tcad	= "IEEE Trans.\ on CAD" }
@string{date = "Proceedings of the Conference on Design, Automation and Test in Europe"}
@STRING{springer = "Springer-Verlag"}

%%% NEW ENTRIES GO HERE

@Misc{ARM99,
  key = {ARM99},
  title =        {{ARM Ltd.} {AMBA} Specification (Rev.~2)},
  howpublished = {Available from www.arm.com},
  year =         1999
}

@InProceedings{Faella07,
  author = 	 {M. Faella},
  title = 	 {Games You Cannot Win},
  booktitle =	 {Workshop on Games and Automata for Synthesis and Validation},
  year =	 2007
}

@Book{Ghezzi91,
  author =	 {C. Ghezzi and M. Jazayeri and D. Mandrioli},
  title = 	 {Fundamentals of Software Engineering},
  publisher = 	 {Prentice-Hall},
  year = 	 1991
}

@InProceedings{Toegl08,
  author = 	 {R. Toegl and G. Hofferek and K. Greimel and A. Leung and R. C.-W. Phan and R. Bloem},
  title = 	 {Formal Analysis of a {TPM}-Based Secrets Distribution and Storage Scheme},
  booktitle = {Int.\ Symp.\ on Trusted Computing (TrustCom 2008)},
  year = 	 2008,
  note = 	 {To Appear.}}


@article{Jobstm08,
  author = {B. Jobstmann and S. Staber and A. Griesmayer and R. Bloem},
  title = {Finding and Fixing Faults},
  journal = {Journal of Computer and System Sciences},
  year = {2009},
  note = {Accepted for publication}
}


@Article{Ehrenf79,
  author = 	 {A. Ehrenfeucht and J. Mycielski},
  title = 	 {Positional Strategies for Mean Payoff Games},
  journal = 	 {International Journal of Game Theory},
  year = 	 1979,
}


@TechReport{Mostow91,
  author = 	 {A. W. Mostowski},
  title = 	 {Games with Forbidden Positions},
  institution =  {University of Gda\'nsk},
  year = 	 1991,
  number = 	 78,
}



@ARTICLE{Zwick96,
    author = {U. Zwick and M. Paterson},
    title = {The complexity of mean payoff games on graphs},
    journal = {Theoretical Computer Science},
    year = {1996},
    volume = {158},
    pages = {343-359}
}

%%% END OF NEW ENTRIES

%%% PROSYD related or unpublished.  Remains in this file
@MISC{TCG07,
  author = {{Trusted Computing Group}},
  howpublished = {\url{https://www.trustedcomputinggroup.org/}},
}


@MISC{SPORE03,
  title = {Security Protocols Open Repository},
  howpublished = {Laboratoire Sp\'{e}cification et V\'{e}rification, ENS-Cachan},
  year = {2003},
  note = {\url{http://www.lsv.ens-cachan.fr/spore/index.html}},
  owner = {rtoegl},
  timestamp = {2008.06.10}
}

@Misc{McIsaa06,
  author =	 {A. McIsaac},
  month =	 {November},
  year =	 2006,
  note =	 {Personal Communication}
}

@manual{IEEE95,
	author = "IEEE",
	title = "IEEE Standard Hardware Description Language Based on the Verilog Hardware Description Language",
	organization = "IEEE Inc., 345 East 47th Street, New York, NY, 10017. IEEE Standard 1364-1995",
	year = 1995
}


@techreport{Prosyd:2.2.2,
  author =	 {R. Bloem and S. Staber},
  title =	 {Property-Based Fault Localization},
  note =	 {Prosyd~D~2.2/2.},
  institution =  {Graz University of Technology},
  year =         2005
}

@techreport{Prosyd:1.5.1,
  author =	 {Prosyd},
  title =	 {Manual for Repositories of {PSL/S}ugar properties},
  number =	 {Prosyd~D~1.5/1}
}

@InProceedings{Jobstm06,
  author	= {B. Jobstmann and R. Bloem},
  title		= {Game-based and Simulation-based Improvements for {LTL}
		  Synthesis},
  booktitle	= {3rd Workshop on Games in Design and Verification (GDV'06)},
  year		= 2006,
}

@InProceedings{Jobstm06b,
  author	= {B. Jobstmann},
  title		= {Property Synthesis},
  booktitle	= {9th SIGDA Ph.D. Forum at the Design Automation
		  Conference (DAC 2006)},
  address	= {San Francisco, California, USA},
  year		= {2006}
}

@Misc{Bloem06c,
  author =	 {R. Bloem and A. Cimatti and I. Pill and M. Roveri and S. Semprini and A. Tchaltsev},
  title =	 {RAT: A Tool for Formal Analysis of Requirements},
  howpublished = {ECAI Systems demonstration},
  year =	 2006
}

@MISC{Accell04,
  AUTHOR = "Accellera",
  TITLE = "Property Specification Language --- Reference Manual, Version 1.1",
  YEAR = "2004"
}

@MISC{IEEE05,
    AUTHOR  = "IEEE-Commission",
    TITLE = "{IEEE} Standard for {P}roperty {S}pecification {L}anguage ({PSL})",
    NOTE = "IEEE Std 1850-2005",
    YEAR = "2005"
}

@Unpublished{Chen05,
  author =	 {R. Chen and D. K\"ob and F. Wotawa},
  title =	 {A Comparison of Fault Explanation and Localization},
  year =	 {2005},
  note =	 {unpublished}
}

@Misc{Prosyd:1.2.1,
  author =	 {I. Pill and B. Jobstmann and R. Bloem and R. Frank and M. Moulin and B. Sterin and M. Roveri and S. Semprini},
  title =	 {Property Simulation},
  year =	 2005,
  note =	 {Prosyd D.1.2/1}
}

@Misc{Prosyd:1.2.2,
  author =	 {M. Roveri},
  title =	 {Novel Techniques for Property Assurance},
  year =	 2004,
  note =	 {Prosyd D.1.2/2},

}

@MISC{Prosyd:1.1.3,
  AUTHOR = "S. Ben-David and A. Orni",
  TITLE = "Property-by-Example Guide: a Handbook of {PSL} Examples",
  YEAR = "2005",
  NOTE = "Prosyd D.1.1/3.",
}

@misc{Prosyd:3.2.4, 
  author =       {S. Ben-David and R. Bloem and D. Fisman and 
                  A. Griesmayer and I. Pill and S. Ruah},
  title  =       {Automata Construction Algorithms Optimized for {PSL}}, 
  note   =       {Prosyd D.3.2/4.},
  year   =       {2005}
}

@Misc{Prosyd:3.3.1,
  author =	 {I. Pill and A. Griesmayer and R. Bloem},
  title =	 {Manual for VIS Tool Port},
  year =	 2005,
  note =	 {Prosyd D.3.3/1},

}

@techreport{Prosyd:2.1.1,
   author = {G. Auerbach and M. Moulin and B. Jobstmann and R. Bloem},
   title =  {Property-Based Design and Implementation},
   year = {2005},
   number = {Prosyd~D~2.1/1},
}

@techreport{Prosyd:2.2.1,
   author = {R. Bloem and B. Jobstmann and A. Pnueli},
   title =  {Property-Based Logic Synthesis for Rapid Design Prototyping},
   year = {2005},
   number = {Prosyd~D~2.2/1},
}

@techreport{Prosyd:2.2.3,
   author = {R. Bloem and B. Jobstmann},
   title =  {Manual for Property-Based Synthesis Tool},
   year = {2006},
   number = {Prosyd~D~2.2/3},
}

@techreport{Prosyd:2.3.1,
   author = {R. Bloem and S. Galler and B. Jobstmann and A. Pnueli and M. Weiglhofer},
   title =  {Evaluation of Tools and Methodology for Property-Based
  Logic Synthesis},
   year = {2006},
   institution ={Graz University of Technology},
   number = {Prosyd~D~2.3/1},
}

@techreport{Prosyd:3.1.1,
  author =	 {J. Bormann and A. Fedeli and R. Frank and K. Winkelmann},
  title =	 {Combined Static and Dynamic Verification},
  number =	 {Prosyd~D~3.1/1.},
  year =         {2004}
}

@Unpublished{Vardi05,
  author = 	 {M. Y. Vardi},
  title = 	 {A Game-Theoretic Approach to Automated Program Generation},
  note = 	 {Presentation at IFIP Working Group 2.11 Second Meeting.  Available from  http://www.cs.rice.edu/$\sim$taha/wg2.11/m-2/},
  year =	 2005
}

@techreport{prosyd:2.2.4,
  author =       {R. Bloem and S. Staber},
  title =        {Manual for Property-Based Error Localization Tool},
  note =         {Prosyd~D~2.2/4.},
  institution ={Graz University of Technology},
  year =         2006
}

@techreport{prosyd:2.3.2,
  author =       {K. Winkelmann and S. Staber and S. Moran and K. Yorav},
  title =        {Evaluation of Tools Developed for Error Localizaiton},
  note =         {Prosyd~D~2.3/2.},
  institution ={IBM Haifa Research Labs},
  year =         2006
}

%%%%%%%%% The following is to migrate to the official bib files

@INPROCEEDINGS{Cimatt99,
  AUTHOR = "A. Cimatti and E. M. Clarke and F. Giunchiglia and M. Roveri",
  TITLE = "NuSMV: a new Symbolic Model Verifier",
  BOOKTITLE = "Eleventh Conference on Computer-Aided Verification {(CAV'99)}",
  PAGES = "495-499",
  YEAR = "1999",
  NOTE = "LNCS 1633"
}

@INPROCEEDINGS{Heljan05,
  AUTHOR = "K. Heljanko, T. Junttila and T. Latvala",
  TITLE = "Incremental and Complete Bounded Model Checking for Full {PLTL}",
  BOOKTITLE = "Seventeenth Conference on Computer Aided Verification ({CAV}'05)",
  PAGES = "98-111",
  YEAR = 2005,
  NOTE = "LNCS 3576"
}

@article{Do05,
    author    = {H. Do and S. G. Elbaum and G. Rothermel},
    title     = {Supporting Controlled Experimentation with Testing Techniques:
                {A}n Infrastructure and its Potential Impact.},
    journal   = {Empirical Software Engineering: An International Journal},
    volume    = {10},
    pages     = {405-435},
    year      = {2005}
}

@inproceedings{Hoskot95,
   author = {Y. V. Hoskote and D. Moundanos and J. A. Abraham},
   title = {Automatic Extraction of the Control Flow Machine and Application to Evaluating Coverage of Verification Vectors},
   booktitle = {International Conference on Computer Design (ICCD'95)},
   year = {1995},
   pages = {532-537},
   publisher = {IEEE Computer Society}
}

@inproceedings{Ho96,
   author = {R. C. Ho and M. A. Horowitz},
   title = {Validation Coverage Analysis for Complex Digital Designs},
   booktitle = {International Conference on Computer-Aided Design (ICCAD'96)},
   year = {1996},
   pages = {146-151},
   publisher = {IEEE Computer Society}
}

@InProceedings{Koeb04,
  author	= "D. K{{\"o}}b and F. Wotawa",
  title		= "Introducing Alias Information into Model-Based Debugging",
  booktitle	= "15th International Workshop on Principles of Diagnosis",
  year		= "2004"
}

@inproceedings{Mayer03,
    author    = {W. Mayer and M. Stumptner},
    title     = {Extending Diagnosis to Debug Programs with Exceptions},
    booktitle = {18th IEEE International Conference on Automated Software
                 Engineering, 2003},
    year = {2003},
    pages = {240-244}
}

@Book{Pressma97,
  author = 	 {Rogers S. Pressman},
  title = 	 {Software Engineering --- a Practitioner's Approach},
  publisher = 	 {McGraw-Hill},
  year = 	 {1997},
  edition = 	 {4th}
}

@Article{Wotawa02,
   author    = {F. Wotawa},
   title     = {Debugging Hardware Designs Using a Value-Based Model},
   journal   = {Applied Intelligence},
   year      = 2002,
   volume    = 16,
   pages     = {71-92}
}

@InProceedings{Alur03,
  author = 	 {R. Alur and S. La Torre and P. Madhusudan},
  title = 	 {Modular Strategies for Recursive Game Graphs},
  booktitle =	 {Proc.\ Tools and Algorithms for the Construction and the Analysis of Systems (TACAS'03)},
  pages =	 {363-378},
  year =	 2003
}


@InProceedings{Ivanci05,
  author = 	 {F. Ivan\v{c}i\'{c} and Z. Yang and M. K. Ganai and A. Gupta and I. Shlyakhter and P. Ashar},
  title = 	 {F-{S}oft: {S}software Verification Platform},
  booktitle =	 {17th Conference on Computer Aided Verification (CAV'05)},
  pages =	 {301-306},
  year =	 2005,
  note =	 {{LNCS} 3576}
}

@InProceedings{Ball06,
  author ={T. Ball and E. Bounimova and B. Cook and V. Levin and J. Lichtenberg and C. McGarvey and B. Ondrusek and S. K. Rajamani and A. Ustuner
},
  title =        {Thorough Static Analysis of Device Drivers},
  booktitle =    {European Systems Conference (EuroSys'06)},
  year =         2006
}

@PhdThesis{Koeb05,
  author =       {D. K{\"{o}}b},
  title =        {Extended Modeling for Automated Fault Localization in Object-Oriented Software},
  school =       {Graz University of Technology},
  year =         2005
}

@PhdThesis{Rosner92,
  author =       {R. Rosner},
  title =        {Modular Synthesis of Reactive Systems},
  school =       {Weizmann Institute of Science},
  year =         1992
}

@INPROCEEDINGS{Fritz03,
  AUTHOR = {C. Fritz},
  TITLE = {Constructing {B}\"{u}chi Automata from Linear Temporal Logic Using
   Simulation Relations for Alternating {B}\"{u}chi Automata},
  BOOKTITLE = {Conference on Implementation and Application of Automata (CIAA'03)},
  YEAR = 2003,
  NOTE = {{LNCS 2759}},
  PAGES = {35-48}
}

@TechReport{Point05,
  author = 	 {G. Point},
  title = 	 {{The} {Synthesis} {Toolbox} --- From Modal Automata to Controller Synthesis},
  institution =  {Laboratoire Bordelais de Recherche en Informatique (LaBRI)},
  year = 	 2005,
  number =	 {1342-05},
  note =	 {Available from http://www.labri.fr/publications/mvtsi/2005/Poi05}
}

@PhdThesis{Melche02,
  author = 	 {H. Melcher},
  title = 	 {Hierarchische kompositionale Synthese von Steuerungen fuer reaktive Systeme},
  school = 	 {Universit\"{a}t Karlsruhe},
  year = 	 2002,
  note =	 {Shaker Verlag}
}

@Article{Tip95,
  title       = "A survey of program slicing techniques",
  author      = "F. Tip",
  year        = "1995", 
  journal     = "Journal of Programming Languages",
  volume      = "3",
  pages       = "121-189"  
}

@Article{Peisch06,
  title       = "Automated Source-Level Error Localization in Hardware Designs",
  author      = "B. Peischl and F. Wotawa",
  year        = "2006", 
  journal     = "IEEE Design and Test of Computers",
  volume      = "23", 
  pages       = "8-19"  
}

@InProceedings{Koeb06,
  title       = "Fundamentals of Debugging using a Resolution Calculus",
  author      = "D. K{\"o}b and F. Wotawa",
  year        = "2006",
  booktitle   = "Fundamental Approaches to Software Engineering (FASE'06)",
  note        = "{LNCS} 3922",
  pages       = "278-292"
}

@Article{Felfer04,
  author = 	 {A. Felfernig and G. Friedrich and D. Jannach and M. Stumptner},
  title = 	 {Consistency-based diagnosis of configuration knowledge bases},
  journal = 	 {Artificial Intelligence},
  year = 	 2004,
  volume =	 152,
  pages =	 {213-234}
}

@InProceedings{Fey03,
  author        = {G. Fey and R. Drechsler},
  title         = {Finding Good Counter-Examples to Aid Design Verification},
  booktitle     = {MEMOCODE},
  pages         = {51-52},
  year          = 2003
}

@InProceedings{Fey05,
  title		= {Efficient Hierarchical System Debugging for Property Checking},
  author 	= {G. Fey and R. Drechsler},
  booktitle	= "Workshop on Design and Diagnostics of Electronic Circuits and Systems (DDECS'05)",
  pages		= {41-46}, 
  year		= 2005
}

@Article{Huang99,
  author        = {S.-Y. Huang and K.-T. Cheng},
  title         = {ErrorTracer: Design Error Diagnosis Based on Fault Simulation Techniques},
  journal       = tcad,
  volume        = 18,
  pages         = {1341-1352},
  year          = 1999
}

@Article{Veneri99,
  author        = {A. Veneris and I. N. Hajj},
  title         = {Design Error Diagnosis and Correction Via Test Vector Simulation},
  journal       = tcad,
  volume        = 18,
  pages         = {1803-1816},
  year          = 1999
}

@InProceedings{Chung93b,
  author = 	 {P.-Y. Chung and Y.-M. Wang and I. N. Hajj},
  title = 	 {Diagnosis and Correction of Logic Design Errors in Digital Circuits},
  booktitle =	 {Design Automation Conference (DAC'93)},
  pages =	 {503-508},
  year =	 1993
}

@InProceedings{Peisch03,
  author = 	 {B. Peischl and F. Wotawa},
  title = 	 {Modeling State in Software Debugging of {VHDL-RTL} Designs --- a Model Based Diagnosis Approach},
  booktitle =	 {Automated and Algorithmic Debugging (AADEBUG'03)},
  pages =	 {197-210},
  year =	 2003
}

@InProceedings{Bouajj97,
  author = 	 {A. Bouajjani and J. Esparza and O. Maler},
  title = 	 {Reachability Analysis of Pushdown Automata: Application to Model Checking},
  booktitle =	 {Proc.\ 8th Int.\ Conf.\ on Concurrency Theory (CONCUR'97)},
  pages =	 {135-150},
  year =	 1997,
  publisher =	 {Springer-Verlag},
  note =	 {{LNCS} 1243}
}

@InProceedings{Vardi95b,
  author = 	 {M. Y. Vardi},
  title = 	 {An Automata-Theoretic Approach to Fair Realizability and Synthesis},
  booktitle =	 {Seventh Conference on Computer Aided Verification (CAV'95)},
  pages =	 {267-278},
  year =	 1995,
  publisher =	 {Springer-Verlag}
}

@Article{Kupfer99c,
  author = 	 {O. Kupferman and M. Y. Vardi},
  title = 	 {Church's Problem Revisited},
  journal = 	 {The Bulletin of Symbolic Logic},
  year = 	 1999,
  volume =	 5,
  pages =	 {245-263}
}

@Article{Lin88,
  author = 	 {F. Lin and W. M. Wonham},
  title = 	 {On Observability of Discrete-Event Systems},
  journal = 	 {Information Sciences},
  year = 	 188,
  volume =	 44,
  pages =	 {173-198}
}

@Book{Huang98,
  author =	 {S.-Y. Huang and K.-T. Cheng},
  title = 	 {Formal Equivalence Checking and Design Debugging},
  publisher = 	 {Kluwer Academic Publishers},
  year = 	 1998
}

@InProceedings{Fahim04,
  author =       {Fahim Ali, M. and A. Veneris and S. Safarpur and R. Drechsler and A. Smith and M. Abadir},
  title =        {Debugging Sequential Circuits using {B}oolean Satisfiability},
  booktitle =    {International Conference on Computer Aided Design},
  pages =        {204-209},
  year =         2004
}

@InProceedings{Jehle05,
  author = 	 {M. Jehle and J. Johannsen and M. Lange and N. Rachinsky},
  title = 	 {Bounded Model Checking for All Regular Properties},
  booktitle =	 {Workshop on Bounded Model Checking (BMC'05)},
  pages =	 {3-18},
  year =	 2005,
  volume =	 144,
  series =	 {Electronic Notes in Theoretical Computer Science}
}

@ARTICLE{Wieger01,
  AUTHOR = "K. E. Wiegers",
  TITLE = "Inspecting Requirements",
  JOURNAL = "StickyMinds Weekly Colum",
  YEAR = "2001"
}

@ARTICLE{Beer01b,
    AUTHOR = "I. Beer and S. Ben-David and C. Eisner and Y. Rodeh",
    TITLE = "Efficient Detection of Vacuity in Temporal Model Checking",
    JOURNAL = "Formal Methods in System Design",
    VOLUME = "18",
    PAGES = "141-163",
    YEAR = "2001"
}

@ARTICLE{Heytme05,
  AUTHOR = "C. Heytmeyer and M. Archer and R. Bharawaj and R. Jeffords",
  TITLE = "Tools for constructing requirements specifications: The {SCR} toolset at the age of ten",
  YEAR = "2005",
  PAGES = "19-35",
  JOURNAL = "Journal of Computer Systems Science and Engineering",
  VOLUME = "20"
}

@InProceedings{Leveso98,
  author = 	 {N. Leveson and J. Reese and M. Heimdahl},
  title = 	 {{SpecTRM}: A {CAD} System for Digital Automation},
  booktitle =	 {Digital Avionics Systems Conference},
  pages =	 {B52/1-B5/8},
  year =	 1998
}

@INPROCEEDINGS{Heimda03,
  AUTHOR = "M. P. E. Heimdahl and M. W. Whalen and J. M. Thompson",
  TITLE = "Nimbus: A Tool for Specification Centered Development",
  BOOKTITLE = "Requirements Engineering Conference",
  YEAR = "2003"
}

@inproceedings{Reps95,
  author    = {T. Reps and S. Horwitz and S. Sagiv},
  title     = {Precise Interprocedural Dataflow Analysis via Graph Reachability.},
  booktitle = {Symposium on Principles of Programming Languages},
  year      = {1995},
  pages     = {49-61}
}

@Article{Alur99,
  author = 	 {R. Alur and T. A. Henzinger},
  title = 	 {Reactive Modules},
  journal = 	 {Formal Methods in System Design},
  year = 	 1999,
  volume =	 15,
  pages =	 {7-48}
}

@InProceedings{Khursh05,
  author = 	 {S. Khurshid and I. Garc\'{\i}a and Y. Suen},
  title = 	 {Repairing Structurally Complex Data},
  booktitle =	 {SPIN Workshop on Model Checking of Software (SPIN'05)},
  pages =	 {123-138},
  year =	 2005
}

@InProceedings{Demsky03,
  author = 	 {B. Demsky and M. Rinard},
  title = 	 {Automatic Detection and Repair of Errors in Data Structures},
  booktitle =	 {Conference on Object-Oriented Programming, Systems, Languages, and Applications (OOPSLA'03)},
  pages =	 {78-95},
  year =	 2003
}

@article{Alur02,
  author = {R. Alur and T.A. Henzinger and O. Kupferman},
  title = {Alternating-Time temporal logic},
  journal = {Journal of the ACM},
  volume = {49},
  year = {2002},
  pages = {672-713}
 }

@Article{Fritz05,
  author = 	 {C. Fritz and T. Wilke},
  title = 	 {Simulation Relations for Alternating {B}{\"u}chi Automata},
  journal = 	 {Theoretical Computer Science},
  year = 	 2005,
  volume =	 338,
  pages =	 {275-314}
}

@InProceedings{Roy05,
  author = 	 {S. Roy and S. Das and P. Basu and P. Dasgupta and P. P. Chakrabarti},
  title = 	 {SAT Based Solutions for Consistency Problems in Formal Specifications for Open Systems},
  booktitle =	 iccad,
  pages =	 {198- 203},
  year =	 2005
}

@InProceedings{Griesm06,
  title       = "Repair of {Boolean} Programs with an Application to {C}",
  author      = "A. Griesmayer and R. Bloem and B. Cook",
  year        = "2006",
  booktitle   = "18th Conference on Computer Aided Verification (CAV'06)",
  pages       = {358-371},
  note        = {{LNCS} 4144}
}

@InProceedings{Benede05,
  author        = {M. Benedetti},
  booktitle     = {Proc.\ of 20th International Conference on Automated Deduction (CADE05)},
  title         = {{sKizzo}: a Suite to Evaluate and Certify {QBFs}},
  page          = {369-376},
  note          = {{LNCS} 3632},
  year          = 2005
}

@InProceedings{Pill06,
  author = 	 {I. Pill and S. Semprini and R. Cavada and M. Roveri and R. Bloem and A. Cimatti},
  title = 	 {Formal Analysis of Hardware Requirements},
  booktitle =	 {Design Automation Conference},
  year =	 2006,
  pages =        {821-826}
}

@InProceedings{Bloem06b,
  author = 	 {R. Bloem and A. Cimatti and I. Pill and M. Roveri and S. Semprini},
  title = 	 {Symbolic Implementation of Alternating Automata},
  booktitle =	 {Conference on Implementation and Application of Automata (CIAA'06)},
  year =	 2006,
  page =         {208-218},
  note =         {{LNCS} 4094}
}

@InProceedings{Henzin06,
  author = 	 {T. A. Henzinger and N. Piterman},
  title = 	 {Solving Games without Determinization},
  booktitle =	 {Proc.\ 15th Conference on Computer Science Logic},
  year =	 2006,
  pages =        {395-410}
}

@Article{Sherid05,
  author = 	 {D. Sheridan},
  title = 	 {Bounded Model Checking with {SNF}, Alternating Automata, and {B\"uchi} Automata},
  journal = 	 {Electronic Notes in Computer Science},
  year = 	 2005,
  volume =	 119,
  pages =	 {83-101}
}

@InProceedings{Kukula00,
  author = 	 {J. H. Kukula and T. R. Shiple},
  title = 	 {Building Circuits from Relations},
  booktitle =	 {12th Conference on Computer Aided Verification (CAV'00)},
  pages =	 {113-123},
  year =	 2000,
  note =	 {{LNCS} 1855}
}

@Article{Mishch06,
  author = 	 {A. Mishchenko and R. K. Brayton},
  title = 	 {A Theory of Nonderterministic Networks},
  journal = 	 {Transactions on Computer-Aided Design of Integrated Circuits and Systems},
  year = 	 2006,
  volume =	 25,
  pages =	 {977-999}
}

@Book{Ackerm62,
  author =	 {W. Ackermann},
  title = 	 {Solvable Cases of the Decision Problem},
  publisher = 	 {North-Holland},
  year = 	 1962
}

@InProceedings{Jobstm06c,
  author	= {B. Jobstmann and R. Bloem},
  title		= {Optimizations for {LTL} Synthesis},
  booktitle	= {6th Conference on Formal Methods in Computer Aided Design (FMCAD'06)},
  year		= 2006,
  pages         = {117-124}
}

@Article{Buchi69,
  author =       {J. R. B{\"u}chi and L. H. Landweber},
  title =        {Solving Sequential Conditions by Finite-State Strategies},
  journal =      {Transactions of the American Mathematical Society},
  year =         {1969},
  volume =       {138},
  pages =        {295-311}
}

@Book{Eisner06,
  author =       {C. Eisner and D. Fisman},
  title =        {A Practical Introduction to PSL},
  publisher =    springer,
  year =         {2006}
}

@inproceedings{Kupfer06,
  author    = {O. Kupferman and N. Piterman and M. Y. Vardi},
  title     = {Safraless Compositional Synthesis.},
  booktitle = {Conference on Computer Aided Verification (CAV'06)},
  year      = {2006},
  pages     = {31-44}
}

@inproceedings{Klein05,
  author  = {J. Klein and C. Baier},
  title   = {Experiments with Deterministic Omega-Automata for Formulas of Linear Temporal Logic},
  booktitle = {Conference on Implementation and Application of Automata (CIAA'05)},
  note = {LNCS 3845},
  pages = {199-212},
  year  = {2005}
}

@article{Althoff06,
  author    = {C. Schulte Althoff and W. Thomas and N. Wallmeier},
  title     = {Observations on determinization of {B}{\"u}chi automata.},
  journal   = {Theoretical Computer Science},
  volume    = {363},
  year      = {2006},
  pages     = {224-233}
}

@article{Muller95,
  author = {D. E. Muller and P. E. Schupp},
  title = {Simulating Alternating Tree Automata by Nondeterministic Automata: New Results and New Proofs of the Theorems of {R}abin, {McNaughton} and {S}afra},
  journal = {Theoretical Computer Science},
  volume = {141},
  year = {1995},
  pages = {69-107}
 }

@article{Vardi01,
    author = "M. Y. Vardi",
    title = "Branching vs.\ Linear Time: Final Showdown",
    journal = "Lecture Notes in Computer Science",
    volume = "2031",
    pages = "1-22",
    year = "2001"
}

@article{Manna84,
  author = {Z. Manna and P. Wolper},
  title = {Synthesis of Communicating Processes from Temporal Logic Specifications},
  journal = {ACM Transactions Programming Languages and Systems},
  volume = {6},
  year = {1984},
  pages = {68-93}
 }


@InProceedings{Benede05b,
  author = 	 {M. Benedetti},
  title = 	 {Extracting Certificates from Quantified {Boolean} Formulas},
  booktitle =	 {International Joint Conference on Artificial Intelligence (IJCAI'05)},
  pages =	 {47-53},
  year =	 2005
}

@Article{Bloem07d,
  author = 	 {R. Bloem and A. Cimatti and I. Pill and M. Roveri},
  title = 	 {Symbolic Implementation of Alternating Automata},
  journal = 	 {International Journal of Foundations of Computer Science},
  year = 	 2007,
  volume =       18,
  pages =        {727-744}
  }

@InProceedings{Bloem07c,
  author = 	 {R. Bloem and R. Cavada and I. Pill and M. Roveri and A. Tchaltsev},
  title = 	 {RAT: A Tool for the Formal Analysis of Requirements},
  booktitle =	 {Computer Aided Verification},
  year =	 2007,
  pages  =       {263-267}
}

@InProceedings{Jobstm07c,
  author = 	 {B. Jobstmann and S. Galler and M. Weiglhofer and R. Bloem},
  title = 	 {Anzu: A Tool for Property Synthesis},
  booktitle =	 {Computer Aided Verification},
  year =	 2007,
  pages =        {258-262}
}

@InProceedings{Stockm73,
 author = {L. J. Stockmeyer and A. R. Meyer},
 title = {Word problems requiring exponential time(Preliminary Report)},
 booktitle = {STOC '73: Proceedings of the fifth annual ACM symposium on Theory of computing},
 year = {1973},
 pages = {1-9},
 publisher = {ACM Press}
}

@PhDThesis{Griesm07,
  title		= "Debugging Software: From Verification to Repair",
  author	= "A. Griesmayer",
  year		= "2007",
  month		= "March",
  school	= "Graz University of Technology"
}

@PhDThesis{Jobstm07b,
  title		= "Applications and Optimizations for {LTL} Synthesis",
  author	= "B. Jobstmann",
  year		= "2007",
  month		= "March",
  school	= "Graz University of Technology"
}

@InProceedings{Egly02,
  author       = "U. Egly and H. Tompits and S. Woltran",
  title        = "On Quantifier Shifting for Quantified Boolean Formulas",
  booktitle    = "Proceedings of the SAT'02 Workshop on Theory and Applications of Quantified Boolean Formulas (QBF'02)",
  pages        = "48-61",
  year         = "2002" 
}

@article{Kindle94,
  title={Safety and liveness properties: A survey},
  author={E. Kindler},
  journal={EATCS-Bulletin},
  volume={53},
  pages={268-272},
  year={1994}
}

@article{Groce04c,
  title={Heuristics for Model Checking {J}ava programs},
  author={A. Groce and W. Visser},
  journal={International Journal on Software Tools for Technology Transfer (STTT)},
  volume={6},
  pages={260-276},
  year={2004}
}

@article{Alur01b,
  title={Partial-Order Reduction in Symbolic State-Space Exploration},
  author={R. Alur and R. K. Brayton and T. A. Henzinger and S. Qadeer and S. K. Rajamani},
  journal={Formal Methods in System Design},
  volume={18},
  pages={97-116},
  year={2001}
}

@inproceedings{Demart99,
  title={{dSPIN}: A Dynamic Extension of {SPIN}},
  author={C. Demartini and R. Iosif and R. Sisto},
  booktitle={6th International SPIN Workshop Model Checking of Software},
  pages={261-276},
  year={1999}
}

@inproceedings{Suwimo05,
  title={jMoped: A {Java} Bytecode Checker Based on Moped},
  author={D. Suwimonteerabuth and S. Schwoon and J. Esparza},
  booktitle={11th International Conference on Tools and Algorithms for the Construction and Analysis of Systems (TACAS'05)},
  pages={541-545},
  year={2005}
}

@inproceedings{Esparz06,
    author = {J. Esparza and S. Kiefer and S. Schwoon},
    booktitle = {International Conference on Tools and Algorithms for the Construction and Analysis of Systems (TACAS)},
    pages = {489-503},
    publisher = {Springer},
    title = {Abstraction Refinement with {Craig} Interpolation and Symbolic Pushdown Systems},
    year = {2006}
}

@article{Esparz03,
  title={Model Checking {LTL} with Regular Valuations for Pushdown Systems},
  author={J. Esparza and A. Ku{\v{c}}era and S. Schwoon},
  journal={Information and Computation},
  volume={186},
  pages={355-376},
  year={2003}
}

@inproceedings{Henzin03c,
  title={Thread-Modular Abstraction Refinement},
  author={T.A. Henzinger and R. Jhala and R. Majumdar and S. Qadeer},
  booktitle={15th International Conference on Computer Aided Verification (CAV'03)},
  year={2003},
  pages={262-274}
}

@inproceedings{Cook05,
  title={Symbolic Model Checking for Asynchronous {B}oolean Programs},
  author={Cook, B. and Kroening, D. and Sharygina, N.},
  booktitle={Proceedings of the 12th International SPIN Workshop Model Checking of Software},
  year={2005},
  pages={75-90}
}

@article{Biere03,
  title={Bounded Model Checking},
  author={A. Biere and A. Cimatti and E. M. Clarke and O. Strichman and  Y. Zhu},
  journal={Advances in Computers},
  volume={58},
  year={2003}
}

@article{Acken92,
  title={Fault Model Evolution For Diagnosis: Accuracy vs Precision},
  author={J. M. Acken and S. D. Millman},
  journal={Proc.\ Custom Integrated Circuits Conference},
  pages={13.4.1-13.4.4},
  year={1992}
}

@inproceedings{Stumpt96,
  author = "M. Stumptner and F. Wotawa",
  title = "Model-Based Program Debugging and Repair",
  booktitle = "Proceedings of the 9th International Conference on Industrial and Engineering
    Applications of Artificial Intelligence and Expert Systems (IEA/AIE 1996) ",  year = "1996" 
}

@article{Corbet02,
  title={Expressing Checkable Properties of Dynamic Systems: the {Bandera} Specification Language},
  author={J. C. Corbett and M. B. Dwyer and J. Hatcliff},
  journal={International Journal on Software Tools for Technology Transfer (STTT)},
  volume={4},
  pages={34-56},
  year={2002}
}

@article{Roggen02,
  title={Determinization of {B}{\"u}chi-automata},
  author={M. Roggenbach},
  journal={Lecture Notes In Computer Science},
  pages={43-60},
  year={2002},
}

@article{Chaki04c,
  title={Modular Verification of Software Components in C},
  author={S. Chaki and E. M. Clarke and A. Groce and S. Jha and H. Veith},
  journal={IEEE Transactions on Software Engineering},
  volume={30},
  pages={388-402},
  year={2004}
}

@article{Ball04,
  title={{SLAM} and {Static Driver Verifier}: Technology Transfer of Formal Methods inside {Microsoft}},
  author={T. Ball and B. Cook and V. Levin and S. K. Rajamani},
  journal={Integrated Formal Methods},
  volume={2999},
  pages={1-20},
  year={2004}
}

@article{Sharyg01,
  title={A Combined Testing and Verification Approach for Software Reliability},
  author={N. Sharygina and D. Peled},
  journal={Formal Methods Europe},
  pages={611-628},
  year={2001}
}


@article{Silva99c,
  author = {J. P. Marques-Silva and K. A. Sakallah},
  title = {{GRASP}: A Search Algorithm for Propositional Satisfiability},
  journal = {IEEE Transactions on Computers},
  volume = {48},
  year = {1999},
  pages = {506-521}
}

@InProceedings{Staber07,
  title		= {Fault Localization and Correction with {QBF}},
  author	= {S. Staber and R. Bloem},
  year		= 2007,
  booktitle	= {Tenth International Conference on Theory and Applications
		  of Satisfiability Testing (SAT 2007)},
  pages         = {355-368}
}

@InProceedings{Koeb05a,
  title       = "Abstract Model Refinement for Model-Based Program Debugging",
  author      = "D. K{\"o}b and R. Chen and F. Wotawa",
  year        = "2005",
  booktitle   = "16th International Workshop on Principles of Diagnosis",
  pages       = "7-12"
}

@InProceedings{Mayer06,
  title       = "Model-Based Debugging --- State of the Art And Future Challenges",
  author      = "W. Mayer and M. Stumptner",
  year        = "2006",
  booktitle   = "Workshop on Verification and Debugging (V\&D'06)"
}

@Article{Wotawa02a,
   author    = {F. Wotawa},
   title     = {On the Relationship between Model-Based Debugging and Program Slicing},
   journal   = {Artificial Intelligence},
   year      = 2002,
   volume    = 135,
   pages     = {125-143}
}

@InProceedings{Ali05,
  author = 	 {M. Ali and S. Safarpour and A. Veneris and M. Abadir and R. Drechsler},
  title = 	 {Post-Verification Debugging of Hierarchical Designs},
  year = 	 {2005},
  booktitle     = {Proc.\ IEEE International Conference on Computer Aided Design (ICCAD 2005)},  
  pages = {871-876}
}

@InProceedings{Cleve05,
  author = 	 {H. Cleve and A. Zeller},
  title = 	 {Locating Causes of Program Failures},
  year = 	 {2005},
  booktitle     = {Proc.\ International Conference on Software Engineering (ICSE 2005)},
  pages = {342-351}
}

@article{Kupfer05b,
   author = {O. Kupferman and M. Y. Vardi},
   title = {From Linear Time to Branching Time},
   journal = {ACM Transactions on Computational Logic},
   volume = {6},
   year = {2005},
   pages = {273-294}
 }

@inproceedings{Loding99,
   author = {C. L{\"o}ding},
   title = {Optimal Bounds for Transformations of Omega-Automata},
   booktitle = {Conference on Foundations of Software Technology and Theoretical Computer Science},
   pages = {97-109},
   year = {1999}
 }

@inproceedings{Vardi96,
  author = {M. Y. Vardi},
  title = {An automata-theoretic approach to linear temporal logic},
  booktitle = {Proceedings of the VIII Banff Higher order workshop conference on Logics for concurrency: structure versus automata},
  year = {1996},
  pages = {238-266}
}

@inproceedings{Asarin98,
  author = {E. Asarin and O. Maler and A. Pnueli and J. Sifakis},
  title = {Controller Synthesis for Timed Automata},
  booktitle = {Proc.\ System Structure and Control},
  pages = {469-474},
  year = {1998}
}

@InProceedings{Yu05,
  author = 	 {Y. Yu and S. Malik},
  title = 	 {Validating the Result of a Quantified {B}oolean Formula ({QBF}) Solver: Theory and Practice},
  booktitle =	 {Asia and South Pacific Design Automation Conference (ASPDAC'05)},
  pages =	 {1047-1051},
  year =	 2005
}

@InProceedings{Samulo06,
  title         = {Binary Clause Reasoning in {QBF}},
  author        = {H. Samulowitz and F Bacchus},
  year          = 2006,
  booktitle     = {Proc.\ International Conference on Theory and Applications of Satisfiability Testing (SAT'06)}
}


@InProceedings{Staber06,
  author        = {S. Staber and G. Fey and R. Bloem and R. Drechsler},
  title         = {Automatic Fault Localization for Property Checking},
  booktitle     = {Second International Haifa Verification Conference (HVC 2006)},
  pages         = {50-64},
  year          = 2006
}

@Article{Griesm06b,
  title       = "Automated Fault Localization for {C} Programs",
  author      = "A. Griesmayer and S. Staber and R. Bloem",
  journal     = "Electronic Notes in Theoretical Computer Science",
  volume      = 174,
  pages       = {95-111},
  year        = "2006",
  note        = "Workshop on Verification and Debugging (V\&D'06)"
}  

@inproceedings{Clarke05,
  AUTHOR    = { E. Clarke and D. Kroening and N. Sharygina and K. Yorav},
  TITLE     = { {SATABS}: {SAT}-based Predicate Abstraction for {ANSI-C} },
  BOOKTITLE = { Tools and Algorithms for the Construction and Analysis of Systems (TACAS 2005) },
  YEAR      = { 2005 },
  PAGES     = { 570-574 }
}

@Article{Schult06,
  author = 	 {Schulte Althoff, C. and W. Thomas and N. Wallmeier},
  title = 	 {Observations on Determinization of {B}\"uchi automata},
  journal = 	 {Theoretical Computer Science},
  year = 	 2006,
  volume =	 363,
  pages =	 {224-233}
}

@Article{Klein06,
  author = 	 {J. Klein and C. Baier},
  title = 	 {Experiments with Deterministic $\omega$-Automata for Formulas of Linear Temporal Logic},
  journal = 	 {Theoretical COmputer Science},
  year = 	 2006,
  volume =	 363,
  pages =	 {182-195}
}

@InProceedings{Tsay07,
  author = 	 {Y.-K. Tsay and Y.-F. Chen and M.-H. Tsai and K.-N. Wu and W.-C. Chan},
  title = 	 {{GOAL}: A Graphical Tool for Manipulating {B}\"uchi Automata and Temporal Formulae},
  booktitle =	 {Tools and Algorithms for the Construction and Analysis of Systems (TACAS'07)},
  pages =	 {466-471},
  year =	 2007
}

@Article{Parnas85,
  author = 	 {D. L. Parnas},
  title = 	 {Software Aspects of Strategic Defense Systems},
  journal = 	 {American Scientist},
  year = 	 1975,
  volume =	 28,
  pages =	 {1326-1335}
}


@Book{Muggle92,
  author =	 {S. Muggleton},
  title = 	 {Inductive Logic Programming},
  publisher = 	 {Morgan Kaufmann},
  year = 	 1992
}


@Article{Groce06,
  author = 	 {A. Groce and S. Chaki and D. Kroening and O. Strichman},
  title = 	 {Error explanation with distance metrics},
  journal = 	 {Software Tools for Technology Transfer},
  year = 	 2006,
  volume =	 8,
  pages =	 {229-247}
}

@InProceedings{Ebnena05,
  author = 	 {A. Ebnenasir and S. Kulkarni and B. Bonakdarpour},
  title = 	 {Revising {UNITY} Programs: Possibilities and Limitations},
  booktitle =	 {Proc.\ Principles of Distributed Systems (OPODIS'05)},
  pages =	 {275-290},
  year =	 2005
}

@InProceedings{Chang07,
  author = 	 {K.-H. Chang and I. L. Markov and V. Bertacco},
  title = 	 {Fixing Design Error with Counterexamples and Resynthesis},
  booktitle =	 {Asia and South Pacific Design Automation Conference (ASP-DAC'07)},
  pages =	 {944-949},
  year =	 2007
}

%% Corrections: 
%% church62: page numbers missing.  Should be 23-35
%% stumpn96: key should be stumpt96
%% stumpt99: pages missing: 1074-1079
%% Kupfer98: pages missing: 81-92
%% Some styles (like elsart) decapitalize the notes.  Thus LNCS 1234 becomes 
%% lNCS 1234.  Those need to be escaped as NOTE={{LNCS} 1234} in all files :-(. 
%% Bloem99 should be inproceedings, not incollection 


%% Fabio, please see if you agree to the key for this one.  Perhaps it should 
%% be Solar-06 or SolarL06.

@InProceedings{Solar06,
  author = 	 {Solar-Lezama, A. and L. Tancau and R. Bodik and V. Saraswat and S. A. Seshia},
  title = 	 {Combinatorial Sketching for Finite Programs},
  booktitle =	 {Proc.\ Architectural Support for Programming Languages and Operating Systems (ASPLOS'06)},
  pages =	 {404-415},
  year =	 2006
}

@article{Peters81,
  author    = {G. L. Peterson},
  title     = {Myths About the Mutual Exclusion Problem},
  journal   = {Information Processing Letters},
  volume    = {12},
  year      = {1981},
  pages     = {115-116},
}

@article{Vardi86b,
    author      =   "M. Y. Vardi and P. Wolper",
    title       =   "Automata-Theoretic Techniques for Modal Logics of Programs",
    journal     =   "Journal of Computer and System Sciences",
    volume      =   "32",
    pages       =   "182-221",
    year        =   "1986",
}

@inproceedings{Nain07,
  author    = {S. Nain and M. Y. Vardi},
  title     = {Branching vs.\ Linear Time: Semantical Perspective},
  year      = 2007,
  pages     = {19-34},
  booktitle     = {Symp.\ on Automated Technology for Verification and Analysis}
}

@incollection{Harel85,
             author      = "D. Harel and A. Pnueli",
             title       = "On the Development of Reactive Systems",
             booktitle   = "Logics and Models of Concurrent Systems",
             year        = "1985",
             pages       = "477-498"
}

@inproceedings{Vardi85b,
    author      =   "M.Y. Vardi and L. Stockmeyer",
    title       =   "Improved Upper and Lower Bounds for Modal
                         Logics of Programs",
    booktitle   =   "Proc.\ ACM Symp.\ on Theory of Computing",
    pages       =   "240-251",
    year        =   1985
}

@inproceedings{Emerso88,
  author    = "E. A. Emerson and C. S. Jutla",
  title     = "The Complexity of Tree Automata and Logics of Programs (Extended Abstract)",
  booktitle = "Proc.\ Foundations of Computer Science",
  year      = 1988,
  pages     = "328-337"
}

@InProceedings{King01,
  author = 	 {V. King and O. Kupferman and M. Y. Vardi},
  title = 	 {On the Complexity of Parity Word Automata},
  booktitle =	 {Foundations of Software Science and Computation Structures},
  year =	 2001,
  pages =	 {276-286}
}

@inProceedings{Schewe07,
  author	= "S. Schewe",
  title		= "Solving Parity Games in Big Steps",
  booktitle	= "Proc.\ Software Technology and Theoretical Computer Science",
  year		= 2007,
  pages         = "449-460",
}

@InProceedings{Kesten03,
  author =   "Y. Kesten and N. Piterman and A. Pnueli",
  title =    "Bridging the Gap Between Fair Simulation and Trace Inclusion",
  booktitle = "Computer Aided Verification (CAV'03)",
  pages =    "381-392",
  year =     "2003",
}

@Article{Lampor94,
  author = 	 {L. Lamport},
  title = 	 {The Temporal Logic of Actions},
  journal = 	 {ACM Transactions on Programming Languages and Systems (TOPLAS)},
  year = 	 1994,
  volume =	 16,
  pages =	 {872-923}
}

@Article{Savitc70,
  author = 	 {W. J. Savitch},
  title = 	 {Relationships Between Nondeterministic and Deterministic Tape Complexities},
  journal = 	 {Journal of Computer and System Sciences},
  year = 	 {1970},
  volume = 	 {4},
  pages = 	 {177-192}
}

@InProceedings{Yoshiu04,
  author =       {N. Yoshiura},
  title = 	 {Finding the Causes of Unrealizability of Reactive System Formal Specifications},
  year = 	 2004,
  booktitle =	 {Proc.\ Software Engineering and Formal Methods (SEFM'04)},
  pages =	 {34-43}
}

@TechReport{Lampor96,
  author = 	 {L. Lamport},
  title = 	 {Refinement in State-Based Formalisms},
  institution =  {DEC Systems Research Center},
  year = 	 1996
}

@InProceedings{Janjua06,
  author = 	 {M. U. Janjua and A. Mycroft},
  title = 	 {Automatic Correction to Safety Violations in Programs},
  booktitle =	 {Thread Verification (TV'06)},
  year =	 2006,
  note =	 {unpublished}
}

@InProceedings{Anders01,
  author = 	 {P. Anderson and T. Teitelbaum},
  title = 	 {Software Inspection Using {CodeSurfer}},
  booktitle =	 {Workshop on Inspection in Software Engineering},
  year =	 2001
}

@MastersThesis{Greime07,
  author = 	 {K. Greimel},
  title = 	 {Open Implication},
  school = 	 {Graz University of Technology},
  year = 	 2007
}

@InProceedings{Yohsiu04,
  author = 	 {N. Yoshiura},
  title = 	 {Finding the Causes of Unrealizability of Reactive System Formal Specifications},
  booktitle =	 {Proc.\ Software Engineering and Formal Methods (SEFM'04)},
  pages =	 {34-43},
  year =	 2004
}

@PhdThesis{Wolper82,
  author = 	 {P. Wolper},
  title = 	 {Synthesis of Communicating Processes from Temporal Logic Specifications},
  school = 	 {Stanford University},
  year = 	 1982
}

@Article{Chockl06,
  author = 	 {H. Chockler, O. Kupferman, M. Y. Vardi},
  title = 	 {Coverage Metrics for Temporal Logic Model Checking},
  journal = 	 {Formal Methods in System Design},
  year = 	 2006,
  volume = 	 28,
  pages = 	 {189-212}
}

@Article{Kupfer03, 
  author = 	 {O. Kupferman and M. Y. Vardi},
  title = 	 {Vacuity Detection in Temporal Model Checking},
  journal = 	 {Software Tools for Technology Transfer},
  year = 	 2003,
  volume = 	 4,
  pages = 	 {224-233}
}

@InProceedings{Claess07,
  author = 	 {K. Claessen},
  title = 	 {A Coverage Analysis for Safety Property Lists},
  booktitle = {Proc.\ Formal Methods in Computer Aided Design},
  pages = 	 {139-145},
  year = 	 2007}

@Article{Fuxman04,
 author = "A. Fuxman and L. Liu and J. Mylopoulos and M. Pistore and M. Roveri and P. Traverso",
 title = "Specifying and Analyzing Early Requirements in {T}ropos",
 journal = "Requirements Engineering",
 year = 2004,
 volume = 9,
 pages = "132-150"
} 

@InProceedings{deAlfa04,
  author = 	 {de Alfaro, L. and P. Godefroid and R. Jagadeesan},
  title = 	 {Three-Valued Abstractions of Games: Uncertainty, but with Precision},
  booktitle = {Proc.\ Logics in Computer Science (LICS'04)},
  pages = 	 {170-179},
  year = 	 2004}

@InProceedings{deAlfa07b,
  author = 	 {de Alfaro, L. and P. Roy},
  title = 	 {Solving Games via Three-Valued Abstraction Refinement},
  booktitle = {International Conference on Concurrency Theory (CONCUR'07)},
  pages = 	 {74-89},
  year = 	 2007}

@InProceedings{Shoham03,
  author = 	 {S. Shoham},
  title = 	 {A Game-Based Framework for {CTL} Counter-examples and 3-Valued Abstraction-Refinement},
  booktitle = {Proc.\ Computer Aided Verification (CAV'03)},
  pages = 	 {275-287},
  year = 	 2003
}

@InProceedings{Shoham04,
  author = 	 {S. Shoham},
  title = 	 {Monotonic Abstraction-Refinement for {CTL}},
  booktitle = {Proc.\ Tools and Algorithms for the Construction and the Analysis of Systems (TACAS'04)},
  pages = 	 {546-560},
  year = 	 2004
}

@Article{Shoham07,
  author = 	 {S. Shoham and O. Grumberg},
  title = 	 {A Game-Based Framework for {CTL} Counterexamples and 3-Valued Abstraction-Refinement},
  journal = 	 {ACM Transactions on Computational Logic},
  year = 	 2007,
  volume = 	 9
}


@INPROCEEDINGS{Brusch05,
  author = {Bruschi, D. and Cavallaro, L. and Lanzi, A. and Monga, M.},
  title = {Replay Attack in {TCG} Specification and Solution},
  booktitle = {Proc.\ 21st Annual Computer Security Applications Conference},
  year = {2005},
  pages = {127-137}
}

@INPROCEEDINGS{Bricke04,
  author = {E. Brickell and J. Camenisch and L. Chen},
  title = {Direct Anonymous Attestation},
  booktitle = {Proc.\ Conference on Computer and Communications Security (CCS'04)},
  year = {2004},
  pages = {132-145}
}

@ARTICLE{Canett00,
  author = {Canetti, R.},
  title = {Security and Composition of Multiparty Cryptographic Protocols},
  journal = {Journal of Cryptology},
  year = {2000},
  volume = {13},
  pages = {143-202}
}

@INPROCEEDINGS{Cesena08,
  author = {E. Cesena and Gianluca Ramunno and Davide Vernizzi},
  title = {Secure Storage Using a Sealing Proxy},
  booktitle = {Proc.\ European Workshop on System Security (EUROSEC'08)},
  year = {2008},
  pages = {27-34}
}

@INPROCEEDINGS{Delaun08,
  author = {S. Delaune and S. Kremer and G. Steel},
  title = {Formal Analysis of {PKCS\#11}},
  booktitle = {21st IEEE Computer Security Foundations Symposium},
  year = {2008},
  pages = {331-344}
}

@INPROCEEDINGS{Chen06,
  author = {L. Chen and R. Landfermann and H. L\"{o}hr and M. Rohe
	and A.-R. Sadeghi and C. St\"{u}ble},
  title = {A Protocol for Property-bBsed Attestation},
  booktitle = {Proc.\ Workshop on Scalable Trusted Computing (STC'06)},
  year = {2006}
}

@INPROCEEDINGS{Cimatt02c,
  author = {A. Cimatti and E. Clarke and E. Giunchiglia and F. Giunchiglia and
	M. Pistore and M. Roveri and R. Sebastiani and A. Tacchella},
  title = {{NuSMV Version 2: An OpenSource Tool for Symbolic Model Checking}},
  booktitle = {Proc.\ International Conference on Computer-Aided Verification (CAV'02)},
  year = {2002}
}

@INPROCEEDINGS{Dolev83,
  author = {D. Dolev and A. Yao},
  title = {On the Security of Public Key Protocols},
  booktitle = {IEEE Transactions in Information Theory},
  year = {1983},
  volume = {29},
  pages = {198-207},
}


@ARTICLE{Zhang01b,
  author = {Y. Zhang and C. Wang and J. Wu and X. Li},
  title = {Using {SMV} for Cryptographic Protocol Analysis: a Case Study},
  journal = {Operating Systems Review},
  year = {2001},
  pages = {43-50}
}

@TECHREPORT{Youn05,
  author = {P. Youn and B. Adida and M. Bond and J. Clulow and J.
	Herzog and A. Lin and R. L. Rivest and R. Anderson},
  title = {Robbing the Bank with a Theorem Prover},
  institution = {University of Cambridge},
  year = {2005},
  number = {644}
}

@INPROCEEDINGS{Stumpf06,
  author = {F. Stumpf and O. Tafreschi and P. R\"{o}der and C. Eckert},
  title = {A Robust Integrity Reporting Protocol for Remote Attestation},
  booktitle = {Second Workshop on Advances in Trusted Computing (WATC'06)},
  year = {2006},
  address = {Tokyo, Japan}
}

@ARTICLE{Simmon94,
  author = {G. J. Simmons},
  title = {Cryptanalysis and Protocol Failures},
  journal = {Communactions of the ACM},
  year = {1994},
  volume = {37},
  pages = {56-65}
}

@INPROCEEDINGS{Sevinc07,
  author = {P. E. Sevin{\c{c}} and M. Strasser and D. Basin},
  title = {Securing the Distribution and Storage of Secrets with Trusted Platform Modules},
  booktitle = {Proc.\ Worskhop on Information Security Theory and Practices},
  year = {2007},
  pages = {53-66}
}

@TechReport{Rubin93,
  author = 	 {A. D. Rubin and P. Honeyman},
  title = 	 {Formal Methods for the Analysis of Authentication Protocols},
  institution =  {Center for Information Technology Integration, Dept.\ of Electrical Engineering and Computer Science, University of Michigan},
  year = 	 {1993}
}

@INPROCEEDINGS{Mitche98,
  author = {J. C. Mitchell and V. Shmatikov and U. Stern},
  title = {Finite-State Analysis of {SSL} 3.0},
  booktitle = {Proc.\ USENIX Security Symposium},
  year = {1998}
}

@InProceedings{Mitche97,
  author = 	 {Mitchell, J.C. and Mitchell, M. and Stern, U.},
  title = 	 {Automated Analysis of Cryptographic Protocols using {M}urphi},
  booktitle = {Proc.\ Security and Privacy},
  pages = 	 {141-151},
  year = 	 1997}

@ARTICLE{Meadow03,
  author = {Meadows, C.},
  title = {Formal Methods for Cryptographic Protocol Analysis: Emerging Issues
	and Trends},
  journal = {Selected Areas in Communications},
  year = {2003},
  volume = {21},
  pages = {44-54}
}

@INPROCEEDINGS{Gasmi07,
  author = {Y. Gasmi and A.-R. Sadeghi and P. Stewin and M. Unger and N. Asokan},
  title = {Beyond Secure Channels},
  booktitle = {Proc.\ Workshop on Scalable Trusted Computing (STC'07)},
  year = {2007},
  pages = {30-40}
}

@INPROCEEDINGS{Loehr07,
  author = {H. L{\"o}hr and H. V. Ramasamy and A.-R. Sadeghi and S. Schulz and M. Schunter and C. St{\"u}ble},
  title = {Enhancing Grid Security Using Trusted Virtualization},
  booktitle = {Proc.\ Autonomic and Trusted Computing},
  year = {2007},
  pages = {372-384}
}

@INPROCEEDINGS{Lomusc07,
  author = {A. Lomuscio},
  title = {Automatic Verification of Knowledge and Time with {NuSMV}},
  booktitle = {Proc.\ Int.\ Joint Conference on Artificial Intelligence (IJCAI'07)},
  year = {2007}
}

@MASTERSTHESIS{Lin05,
  author = {Lin, A. H.},
  title = {Automated Analysis of Security {APIs}},
  school = {Massachusetts Institute of Technology},
  year = {2005}
}

@Article{Chang08,
  author = 	 {K. H. Chang and Markov, I. L. and Bertacco, V},
  title = 	 {Fixing Design Errors With Counterexamples and Resynthesis},
  journal = 	 {IEEE Transactions on Computer-Aided Design of Integrated Circuits and Systems},
  year = 	 2008,
  volume = 	 27,
  pages = 	 {184-188}
}

@TechReport{Mishch05,
  author = 	 {A. Mishchenko and S. Chatterjee and R. Jiang and R. Brayton},
  title = 	 {{FRAIG}s: A Unifying Representation for Logic Synthesis and Verification},
  institution =  {EECS Dept., UC Berkeley},
  year = 	 2005}

@inproceedings{Suelfl08,
  author    = {A. S\"ulflow and G. Fey and R. Bloem and R. Drechsler},
  title     = {Debugging Design Errors by Using Unsatisfiable Cores},
  year      = 2008,
  booktitle = {Proc.\ Methoden und Beschreibungssprachen zur Modellierung und Verifikation von Schaltungen und Systemen},
  pages     = {159-168}
}

@inproceedings{Suelfl08b,
  author    = {A. S\"ulflow and G. Fey and R. Bloem and R. Drechsler},
  title     = {Using Unsatisfiable Cores to Debug Multiple Design  Errors},
  year      = 2008,
  booktitle = {Proc.\ Great Lakes Symposium on VLSI},
  pages     = {77-82}
} 
%% Sent to Fabio


@Article{Fey08,
  author = 	 {G. Fey and S. Staber and R. Bloem and R. Drechsler},
  title = 	 {Automatic Fault Localization for Property Checking},
  journal = 	 tcad,
  year = 	 {2008},
  pages =        {1138-1149},
  volume =       {27}
}

@InProceedings{Greime08,
  author = 	 {K. Greimel and R. Bloem and B. Jobstmann and M. Vardi},
  title = 	 {Open Implication},
  booktitle =    {Proc.\ Int.\ Colloquium on Automata, Languages and Programming (ICALP'08)},
  pages =        {361-372},
  note =         {{LNCS} 5126},
  year = 	 2008
}

@Article{Cury99,
  author = 	 {J. E. R. Cury and B. H. Krogh},
  title = 	 {Robustness of Supervisors for Discrete-Event Systems},
  journal = 	 {IEEE Transactions on Automatic Control},
  year = 	 1999,
  volume = 	 44,
  number = 	 2,
  pages = 	 {376-379}}
