@inproceedings{DBLP:conf/lop/ClarkeE81,
  author    = {Edmund M. Clarke and
               E. Allen Emerson},
  title     = {Design and Synthesis of Synchronization Skeletons Using
               Branching-Time Temporal Logic},
  booktitle = {Logic of Programs},
  year      = {1981},
  pages     = {52-71},
  ee        = {http://dx.doi.org/10.1007/BFb0025774},
  crossref  = {DBLP:conf/lop/1981},
  bibsource = {DBLP, http://dblp.uni-trier.de}
}

@proceedings{DBLP:conf/lop/1981,
  editor    = {Dexter Kozen},
  title     = {Logics of Programs, Workshop, Yorktown Heights, New York,
               May 1981},
  booktitle = {Logics of Programs},
  publisher = {Springer},
  series    = {Lecture Notes in Computer Science},
  volume    = {131},
  year      = {1982},
  isbn      = {3-540-11212-X},
  bibsource = {DBLP, http://dblp.uni-trier.de}
}

@article{DBLP:journals/scp/EmersonC82,
  author    = {E. Allen Emerson and
               Edmund M. Clarke},
  title     = {Using Branching Time Temporal Logic to Synthesize Synchronization
               Skeletons},
  journal   = {Sci. Comput. Program.},
  volume    = {2},
  number    = {3},
  year      = {1982},
  pages     = {241-266},
  ee        = {http://dx.doi.org/10.1016/0167-6423(83)90017-5},
  bibsource = {DBLP, http://dblp.uni-trier.de}
}

@article{DBLP:journals/toplas/MannaW84,
  author    = {Zohar Manna and
               Pierre Wolper},
  title     = {Synthesis of Communicating Processes from Temporal Logic
               Specifications},
  journal   = {ACM Trans. Program. Lang. Syst.},
  volume    = {6},
  number    = {1},
  year      = {1984},
  pages     = {68-93},
  ee        = {http://doi.acm.org/10.1145/357233.357237},
  bibsource = {DBLP, http://dblp.uni-trier.de}
}

@phdthesis{Ant95,
    author      =   "M. Antoniotti",
    title       =   "Synthesis and verification of discrete
                  controllers for robotics and manufacturing devices
                  with temporal logic and the {C}ontrol-{D} system",
    school      =   "New York University",
    year        =   "1995",
}
%%%%%%%%%%%%%% new references

@article{DBLP:journals/sttt/BodikJ13,
  author    = {Rastislav Bod\'{\i}k and
               Barbara Jobstmann},
  title     = {Algorithmic program synthesis: introduction},
  journal   = {STTT},
  volume    = {15},
  number    = {5-6},
  year      = {2013},
  pages     = {397-411},
  ee        = {http://dx.doi.org/10.1007/s10009-013-0287-9},
  bibsource = {DBLP, http://dblp.uni-trier.de}
}

@inproceedings{DBLP:conf/lpar/Schneider01,
  author    = {Klaus Schneider},
  title     = {Improving Automata Generation for Linear Temporal Logic
               by Considering the Automaton Hierarchy},
  booktitle = {LPAR},
  year      = {2001},
  pages     = {39-54},
  ee        = {http://dx.doi.org/10.1007/3-540-45653-8_3},
  bibsource = {DBLP, http://dblp.uni-trier.de}
}

@article{DBLP:journals/siamcomp/EtessamiWS05,
  author    = {Kousha Etessami and
               Thomas Wilke and
               Rebecca A. Schuller},
  title     = {Fair Simulation Relations, Parity Games, and State Space
               Reduction for {B}{\"u}chi Automata},
  journal   = {SIAM J. Comput.},
  volume    = {34},
  number    = {5},
  year      = {2005},
  pages     = {1159-1175},
  ee        = {http://dx.doi.org/10.1137/S0097539703420675},
  bibsource = {DBLP, http://dblp.uni-trier.de}
}

@inproceedings{DBLP:conf/charme/SebastianiT03,
  author    = {Roberto Sebastiani and
               Stefano Tonetta},
  title     = {"More Deterministic" vs. "Smaller" {B}{\"u}chi Automata for
               Efficient {LTL} Model Checking},
  booktitle = {CHARME},
  year      = {2003},
  pages     = {126-140},
  ee        = {http://dx.doi.org/10.1007/978-3-540-39724-3_12},
  bibsource = {DBLP, http://dblp.uni-trier.de}
}

@inproceedings{DBLP:conf/cav/GastinO01,
  author    = {Paul Gastin and
               Denis Oddoux},
  title     = {Fast {LTL} to {B}{\"u}chi Automata Translation},
  booktitle = {CAV},
  year      = {2001},
  pages     = {53-65},
  ee        = {http://dx.doi.org/10.1007/3-540-44585-4_6},
  bibsource = {DBLP, http://dblp.uni-trier.de}
}
@inproceedings{DBLP:conf/cav/SomenziB00,
  author    = {Fabio Somenzi and
               Roderick Bloem},
  title     = {Efficient {B}{\"u}chi Automata from {LTL} Formulae},
  booktitle = {CAV},
  year      = {2000},
  pages     = {248-263},
  ee        = {http://dx.doi.org/10.1007/10722167_21},
  bibsource = {DBLP, http://dblp.uni-trier.de}
}
@inproceedings{DBLP:conf/vmcai/KleinPP12,
  author    = {Uri Klein and
               Nir Piterman and
               Amir Pnueli},
  title     = {Effective Synthesis of Asynchronous Systems from GR(1) Specifications},
  booktitle = {VMCAI},
  year      = {2012},
  pages     = {283-298},
  ee        = {http://dx.doi.org/10.1007/978-3-642-27940-9_19},
  bibsource = {DBLP, http://dblp.uni-trier.de}
}

@inproceedings{DBLP:conf/icalp/PnueliR89,
  author    = {Amir Pnueli and
               Roni Rosner},
  title     = {On the Synthesis of an Asynchronous Reactive Module},
  booktitle = {ICALP},
  year      = {1989},
  pages     = {652-671},
  ee        = {http://dx.doi.org/10.1007/BFb0035790},
  bibsource = {DBLP, http://dblp.uni-trier.de}
}

@inproceedings{DBLP:conf/cav/Vardi95,
  author    = {Moshe Y. Vardi},
  title     = {An Automata-Theoretic Approach to Fair Realizability and
               Synthesis},
  booktitle = {CAV},
  year      = {1995},
  pages     = {267-278},
  ee        = {http://dx.doi.org/10.1007/3-540-60045-0_56},
  bibsource = {DBLP, http://dblp.uni-trier.de}
}

@inproceedings{DBLP:conf/mfcs/Puchala10,
  author    = {Bernd Puchala},
  title     = {Asynchronous Omega-Regular Games with Partial Information},
  booktitle = {MFCS},
  year      = {2010},
  pages     = {592-603},
  ee        = {http://dx.doi.org/10.1007/978-3-642-15155-2_52},
  bibsource = {DBLP, http://dblp.uni-trier.de}
}

@inproceedings{DBLP:conf/lopstr/ScheweF06,
  author    = {Sven Schewe and
               Bernd Finkbeiner},
  title     = {Synthesis of Asynchronous Systems},
  booktitle = {LOPSTR},
  year      = {2006},
  pages     = {127-142},
  ee        = {http://dx.doi.org/10.1007/978-3-540-71410-1_10},
  bibsource = {DBLP, http://dblp.uni-trier.de}
}

%%%%%%%%%%%%%% end of new reference

@inproceedings{DBLP:conf/cav/Ehlers12,
  author    = {R{\"u}diger Ehlers},
  title     = {{ACTL} $\cap$ {LTL} Synthesis},
  booktitle = {CAV},
  year      = {2012},
  pages     = {39-54},
  ee        = {http://dx.doi.org/10.1007/978-3-642-31424-7_9},
  crossref  = {DBLP:conf/cav/2012},
  bibsource = {DBLP, http://dblp.uni-trier.de}
}

@proceedings{DBLP:conf/cav/2012,
  editor    = {P. Madhusudan and
               Sanjit A. Seshia},
  title     = {Computer Aided Verification - 24th International Conference,
               CAV 2012, Berkeley, CA, USA, July 7-13, 2012 Proceedings},
  booktitle = {CAV},
  publisher = {Springer},
  series    = {Lecture Notes in Computer Science},
  volume    = {7358},
  year      = {2012},
  isbn      = {978-3-642-31423-0},
  ee        = {http://dx.doi.org/10.1007/978-3-642-31424-7},
  bibsource = {DBLP, http://dblp.uni-trier.de}
}


@inproceedings{DBLP:conf/tacas/JacobsB12,
  author    = {Swen Jacobs and
               Roderick Bloem},
  title     = {Parameterized Synthesis},
  booktitle = {TACAS},
  year      = {2012},
  pages     = {362-376},
  ee        = {http://dx.doi.org/10.1007/978-3-642-28756-5_25},
  crossref  = {DBLP:conf/tacas/2012},
  bibsource = {DBLP, http://dblp.uni-trier.de}
}

@proceedings{DBLP:conf/tacas/2012,
  editor    = {Cormac Flanagan and
               Barbara K{\"o}nig},
  title     = {Tools and Algorithms for the Construction and Analysis of
               Systems - 18th International Conference, TACAS 2012, Held
               as Part of the European Joint Conferences on Theory and
               Practice of Software, ETAPS 2012, Tallinn, Estonia, March
               24 - April 1, 2012. Proceedings},
  booktitle = {TACAS},
  publisher = {Springer},
  series    = {Lecture Notes in Computer Science},
  volume    = {7214},
  year      = {2012},
  isbn      = {978-3-642-28755-8},
  ee        = {http://dx.doi.org/10.1007/978-3-642-28756-5},
  bibsource = {DBLP, http://dblp.uni-trier.de}
}

@inproceedings{DBLP:conf/cav/BloemCHJ09,
  author    = {Roderick Bloem and
               Krishnendu Chatterjee and
               Thomas A. Henzinger and
               Barbara Jobstmann},
  title     = {Better Quality in Synthesis through Quantitative Objectives},
  booktitle = {CAV},
  year      = {2009},
  pages     = {140-156},
  ee        = {http://dx.doi.org/10.1007/978-3-642-02658-4_14},
  crossref  = {DBLP:conf/cav/2009},
  bibsource = {DBLP, http://dblp.uni-trier.de}
}

@proceedings{DBLP:conf/cav/2009,
  editor    = {Ahmed Bouajjani and
               Oded Maler},
  title     = {Computer Aided Verification, 21st International Conference,
               CAV 2009, Grenoble, France, June 26 - July 2, 2009. Proceedings},
  booktitle = {CAV},
  publisher = {Springer},
  series    = {Lecture Notes in Computer Science},
  volume    = {5643},
  year      = {2009},
  isbn      = {978-3-642-02657-7},
  ee        = {http://dx.doi.org/10.1007/978-3-642-02658-4},
  bibsource = {DBLP, http://dblp.uni-trier.de}
}

@inproceedings{DBLP:conf/fmcad/BloemGHJ09,
  author    = {Roderick Bloem and
               Karin Greimel and
               Thomas A. Henzinger and
               Barbara Jobstmann},
  title     = {Synthesizing robust systems},
  booktitle = {FMCAD},
  year      = {2009},
  pages     = {85-92},
  ee        = {http://dx.doi.org/10.1109/FMCAD.2009.5351139},
  crossref  = {DBLP:conf/fmcad/2009},
  bibsource = {DBLP, http://dblp.uni-trier.de}
}

@proceedings{DBLP:conf/fmcad/2009,
  title     = {Proceedings of 9th International Conference on Formal Methods
               in Computer-Aided Design, FMCAD 2009, 15-18 November 2009,
               Austin, Texas, USA},
  booktitle = {FMCAD},
  publisher = {IEEE},
  year      = {2009},
  isbn      = {978-1-4244-4966-8},
  bibsource = {DBLP, http://dblp.uni-trier.de}
}

@article{DBLP:journals/fmsd/Ehlers12,
  author    = {R{\"u}diger Ehlers},
  title     = {Symbolic bounded synthesis},
  journal   = {Formal Methods in System Design},
  volume    = {40},
  number    = {2},
  year      = {2012},
  pages     = {232-262},
  ee        = {http://dx.doi.org/10.1007/s10703-011-0137-x},
  bibsource = {DBLP, http://dblp.uni-trier.de}
}

@inproceedings{DBLP:conf/cav/Ehlers10,
  author    = {R{\"u}diger Ehlers},
  title     = {Symbolic Bounded Synthesis},
  booktitle = {CAV},
  year      = {2010},
  pages     = {365-379},
  ee        = {http://dx.doi.org/10.1007/978-3-642-14295-6_33},
  crossref  = {DBLP:conf/cav/2010},
  bibsource = {DBLP, http://dblp.uni-trier.de}
}

@proceedings{DBLP:conf/cav/2010,
  editor    = {Tayssir Touili and
               Byron Cook and
               Paul Jackson},
  title     = {Computer Aided Verification, 22nd International Conference,
               CAV 2010, Edinburgh, UK, July 15-19, 2010. Proceedings},
  booktitle = {CAV},
  publisher = {Springer},
  series    = {Lecture Notes in Computer Science},
  volume    = {6174},
  year      = {2010},
  isbn      = {978-3-642-14294-9},
  ee        = {http://dx.doi.org/10.1007/978-3-642-14295-6},
  bibsource = {DBLP, http://dblp.uni-trier.de}
}


@inproceedings{DBLP:conf/stacs/Thomas95,
  author    = {Wolfgang Thomas},
  title     = {On the Synthesis of Strategies in Infinite Games},
  booktitle = {STACS},
  year      = {1995},
  pages     = {1-13}
}

@article{DBLP:journals/iandc/Walukiewicz01,
  author    = {Igor Walukiewicz},
  title     = {Pushdown Processes: Games and Model-Checking},
  journal   = {Inf. Comput.},
  volume    = {164},
  number    = {2},
  year      = {2001},
  pages     = {234-263},
}

@article{DBLP:journals/tcs/AlfaroHK07,
  author    = {L. de Alfaro and
               T. A. Henzinger and
               O. Kupferman},
  title     = {Concurrent reachability games},
  journal   = {Theor. Comput. Sci.},
  volume    = {386},
  number    = {3},
  year      = {2007},
  pages     = {188-217},
}

@article{DBLP:journals/tcs/MiyanoH84,
  author    = {S. Miyano and
               T. Hayashi},
  title     = {Alternating Finite Automata on omega-Words},
  journal   = {Theor. Comput. Sci.},
  volume    = {32},
  year      = {1984},
  pages     = {321-330},
}

@Book{Lafortune08,
  author = 	 {Christos G. Cassandras and Stephane Lafortune},
  title = 	 {Introduction to Discrete Event Systems},
  publisher = 	 {Springer},
  year = 	 {2008},
  note = 	 {2nd ed.},
}

@phdthesis{Morgenstern2010,
  author    = {A. Morgenstern},
  title     = {Symbolic controller synthesis for LTL specifications},
  year      = {2010},
  pages     = {1-151},
  ee        = {http://kluedo.ub.uni-kl.de/volltexte/2011/2572/index.html},
  school    = {TU Kaiserslautern},
  bibsource = {DBLP, http://dblp.uni-trier.de}
}

@inproceedings{DBLP:conf/fmcad/SohailS09,
  author    = {S. Sohail and
               F. Somenzi},
  title     = {Safety first: A two-stage algorithm for {LTL} games},
  booktitle = {FMCAD},
  year      = {2009},
  pages     = {77-84},
  ee        = {http://dx.doi.org/10.1109/FMCAD.2009.5351138},
  crossref  = {DBLP:conf/fmcad/2009},
  bibsource = {DBLP, http://dblp.uni-trier.de}
}

@proceedings{DBLP:conf/fmcad/2009,
  title     = {Proceedings of 9th International Conference on Formal Methods
               in Computer-Aided Design, FMCAD 2009, 15-18 November 2009,
               Austin, Texas, USA},
  booktitle = {FMCAD},
  publisher = {IEEE},
  year      = {2009},
  isbn      = {978-1-4244-4966-8},
  bibsource = {DBLP, http://dblp.uni-trier.de}
}


@article{DBLP:journals/jcss/JobstmannSGB12,
  author    = {Barbara Jobstmann and
               Stefan Staber and
               Andreas Griesmayer and
               Roderick Bloem},
  title     = {Finding and fixing faults},
  journal   = {J. Comput. Syst. Sci.},
  volume    = {78},
  number    = {2},
  year      = {2012},
  pages     = {441-460},
}

@inproceedings{JobstmannGB05,
  author    = {Barbara Jobstmann and
               Andreas Griesmayer and
               Roderick Bloem},
  title     = {Program Repair as a Game},
  booktitle = {CAV},
  year      = {2005},
  pages     = {226-238},
  ee        = {http://dx.doi.org/10.1007/11513988_23},
  bibsource = {DBLP, http://dblp.uni-trier.de}
}


@inproceedings{WangLKKM09,
  author    = {Yin Wang and
               St{\'e}phane Lafortune and
               Terence Kelly and
               Manjunath Kudlur and
               Scott A. Mahlke},
  title     = {The theory of deadlock avoidance via discrete control},
  booktitle = {POPL},
  year      = 2009,
  pages     = {252-263},
  ee        = {http://doi.acm.org/10.1145/1480881.1480913},
  bibsource = {DBLP, http://dblp.uni-trier.de}
}

@article{GiraultR09,
  author    = {Alain Girault and
               {\'E}ric Rutten},
  title     = {Automating the addition of fault tolerance with discrete
               controller synthesis},
  journal   = {Formal Methods in System Design},
  volume    = {35},
  number    = {2},
  year      = {2009},
  pages     = {190-225},
  ee        = {http://dx.doi.org/10.1007/s10703-009-0084-y},
  bibsource = {DBLP, http://dblp.uni-trier.de}
}

@inproceedings{KatzP09,
  author    = {Gal Katz and
               Doron Peled},
  title     = {Synthesizing Solutions to the Leader Election Problem Using
               Model Checking and Genetic Programming},
  booktitle = {Haifa Verification Conference},
  year      = {2009},
  pages     = {117-132},
  ee        = {http://dx.doi.org/10.1007/978-3-642-19237-1_13},
  bibsource = {DBLP, http://dblp.uni-trier.de}
}

@inproceedings{FinkbeinerS05,
  author    = {Bernd Finkbeiner and
               Sven Schewe},
  title     = {Uniform Distributed Synthesis},
  booktitle = {LICS},
  year      = {2005},
  pages     = {321-330},
  ee        = {http://dx.doi.org/10.1109/LICS.2005.53},
  bibsource = {DBLP, http://dblp.uni-trier.de}
}

@inproceedings{KV97c,
	author	    =   "O. Kupferman and M.Y. Vardi",
        title       =   "Synthesis with incomplete informatio",
	booktitle   = 	"2nd International Conference on Temporal Logic",
        pages       =   "91--106",
        address     =   "Manchester",
        month       =   "July",
        year        =   "1997"
}

@PhdThesis{Madusudan01,
  author = 	 {P. Madusudan},
  title = 	 {Control and Synthesis of Open Reactive Systems},
  school = 	 {Theoretical Computer Science Group, Institute of Mathematical Sciences, University of Madras},
  year = 	 {2001},
  OPTkey = 	 {},
  OPTtype = 	 {},
  OPTaddress = 	 {},
  OPTmonth = 	 {},
  OPTnote = 	 {},
  OPTannote = 	 {}
}

@inproceedings{Solar-LezamaRBE05,
  author    = {Armando Solar-Lezama and
               Rodric M. Rabbah and
               Rastislav Bod\'{\i}k and
               Kemal Ebcioglu},
  title     = {Programming by sketching for bit-streaming programs},
  booktitle = {PLDI},
  year      = {2005},
  pages     = {281-294},
  ee        = {http://doi.acm.org/10.1145/1065010.1065045},
  bibsource = {DBLP, http://dblp.uni-trier.de}
}

@inproceedings{Solar-LezamaTBSS06,
  author    = {Armando Solar-Lezama and
               Liviu Tancau and
               Rastislav Bod\'{\i}k and
               Sanjit A. Seshia and
               Vijay A. Saraswat},
  title     = {Combinatorial sketching for finite programs},
  booktitle = {ASPLOS},
  year      = {2006},
  pages     = {404-415},
  ee        = {http://doi.acm.org/10.1145/1168857.1168907},
  bibsource = {DBLP, http://dblp.uni-trier.de}
}

@inproceedings{Solar-LezamaJB08,
  author    = {Armando Solar-Lezama and
               Christopher Grant Jones and
               Rastislav Bod\'{\i}k},
  title     = {Sketching concurrent data structures},
  booktitle = {PLDI},
  year      = {2008},
  pages     = {136-148},
  ee        = {http://doi.acm.org/10.1145/1375581.1375599},
  bibsource = {DBLP, http://dblp.uni-trier.de}
}

@inproceedings{VechevYY10,
  author    = {Martin T. Vechev and
               Eran Yahav and
               Greta Yorsh},
  title     = {Abstraction-guided synthesis of synchronization},
  booktitle = {POPL},
  year      = {2010},
  pages     = {327-338},
  ee        = {http://doi.acm.org/10.1145/1706299.1706338},
  bibsource = {DBLP, http://dblp.uni-trier.de}
}

@inproceedings{AlfaroH01,
  author    = {Luca de Alfaro and
               Thomas A. Henzinger},
  title     = {Interface automata},
  booktitle = {ESEC / SIGSOFT FSE},
  year      = {2001},
  pages     = {109-120},
  ee        = {http://doi.acm.org/10.1145/503209.503226},
  bibsource = {DBLP, http://dblp.uni-trier.de}
}

@inproceedings{VechevYY09,
  author    = {Martin T. Vechev and
               Eran Yahav and
               Greta Yorsh},
  title     = {Inferring Synchronization under Limited Observability},
  booktitle = {TACAS},
  year      = {2009},
  pages     = {139-154},
  ee        = {http://dx.doi.org/10.1007/978-3-642-00768-2_13},
  bibsource = {DBLP, http://dblp.uni-trier.de}
}


@inproceedings{KuncakMPS10,
  author    = {Viktor Kuncak and
               Mika{\"e}l Mayer and
               Ruzica Piskac and
               Philippe Suter},
  title     = {Complete functional synthesis},
  booktitle = {PLDI},
  year      = {2010},
  pages     = {316-329},
  ee        = {http://doi.acm.org/10.1145/1806596.1806632},
}

@inproceedings{KupfermanMTV00,
  author    = {O. Kupferman and
               P. Madhusudan and
               P.~S. Thiagarajan and
               M.~Y. Vardi},
  title     = {Open Systems in Reactive Environments: Control and Synthesis},
  booktitle = {CONCUR},
  year      = {2000},
  pages     = {92-107},
  ee        = {http://link.springer.de/link/service/series/0558/bibs/1877/18770092.htm},
  bibsource = {DBLP, http://dblp.uni-trier.de}
}

@inproceedings{AlurCMN05,
  author    = {R. Alur and
               P. Cern{\'y} and
               P. Madhusudan and
               W. Nam},
  title     = {Synthesis of interface specifications for Java classes},
  booktitle = {POPL},
  year      = {2005},
  pages     = {98-109},
  ee        = {http://doi.acm.org/10.1145/1040305.1040314},
  bibsource = {DBLP, http://dblp.uni-trier.de}
}

@inproceedings{MondererT99,
  author    = {Dov Monderer and
               Moshe Tennenholtz},
  title     = {Distributed Games: From Mechanisms to Protocols},
  booktitle = {AAAI/IAAI},
  year      = {1999},
  pages     = {32-37},
  bibsource = {DBLP, http://dblp.uni-trier.de}
}

@inproceedings{MohalikW03,
  author    = {Swarup Mohalik and
               Igor Walukiewicz},
  title     = {Distributed Games},
  booktitle = {FSTTCS},
  year      = {2003},
  pages     = {338-351},
  ee        = {http://springerlink.metapress.com/openurl.asp?genre=article{\&}issn=0302-9743{\&}volume=2914{\&}spage=338},
  bibsource = {DBLP, http://dblp.uni-trier.de}
}

@inproceedings{PnueliR90,
  author    = {Amir Pnueli and
               Roni Rosner},
  title     = {Distributed Reactive Systems Are Hard to Synthesize},
  booktitle = {FOCS},
  year      = {1990},
  pages     = {746-757},
}


@inproceedings{Kitzelmann09,
  author    = {Emanuel Kitzelmann},
  title     = {Inductive Programming: A Survey of Program Synthesis Techniques},
  booktitle = {AAIP},
  year      = {2009},
  pages     = {50-73},
  ee        = {http://dx.doi.org/10.1007/978-3-642-11931-6_3},
}


@inbook{Niessner02,
 author = {Niessner, Frank},
 title = {Nondeterministic tree automata},
 book = {Automata logics, and infinite games},
 year = {2002},
 isbn = {3-540-00388-6},
 pages = {135--152},
 numpages = {18},
 publisher = {Springer-Verlag New York, Inc.},
 address = {New York, NY, USA},
}
@INPROCEEDINGS { Piterm06 ,
        ADDRESS = "Seattle, WA" ,
        AUTHOR = "N. Piterman" ,
        BOOKTITLE = "21st Symposium on Logic in Computer Science" ,
        MONTH =  aug  ,
        PAGES = "255-264" ,
        TITLE = {From Nondeterministic {B\"uchi} and {Streett} Automata to Deterministic Parity Automata} ,
        YEAR = "2006"
        }
@INPROCEEDINGS { Safra88 ,
        AUTHOR = "S. Safra" ,
        BOOKTITLE = "Symposium on Foundations of Computer Science" ,
        MONTH =   oct  ,
        PAGES = "319-327" ,
        TITLE = "On the Complexity of $\omega$-Automata" ,
        YEAR = "1988"
        }



@ARTICLE { Buechi69 ,
        AUTHOR = {J. R. B{\"u}chi and L. H. Landweber} ,
        TITLE = "Solving sequential conditions by finite-state strategies" ,
        JOURNAL = "Trans. Amer. Math. Soc." ,
        VOLUME = "138" ,
        PAGES = "295-311" ,
        YEAR = "1969"
        }

@InProceedings{Meyer75,
  author = 	 {A.R. Meyer},
  title = 	 {Weak monadic second order theory of succesor is not elementary recursive},
  booktitle =	 {Proceedings Logic Colloquium},
  pages =	 {132-154},
  year =	 1975
}

@ARTICLE { Rabin69 ,
        AUTHOR = "M. O. Rabin" ,
        JOURNAL = "Transactions of the American Mathematical Society" ,
        PAGES = "1-35" ,
        TITLE = "Decidability of Second-Order Theories and Automata on Infinite Trees" ,
        VOLUME = "141" ,
        YEAR = "1969"
        }



@inproceedings{DBLP:conf/litp/MullerS84,
  author    = {David E. Muller and
               Paul E. Schupp},
  title     = {Alternating automata on infinite objects, determinacy and
	       {R}abin's theorem},
  booktitle = {Automata on Infinite Words},
  year      = {1984},
  pages     = {100-107},
}


@article{DBLP:journals/iandc/VardiW94,
  author    = {Moshe Y. Vardi and
               Pierre Wolper},
  title     = {Reasoning About Infinite Computations},
  journal   = {Inf. Comput.},
  volume    = {115},
  number    = {1},
  year      = {1994},
  pages     = {1-37},
  bibsource = {DBLP, http://dblp.uni-trier.de}
}

@inproceedings{DBLP:conf/cav/KupfermanPV06,
  author    = {Orna Kupferman and
               Nir Piterman and
               Moshe Y. Vardi},
  title     = {Safraless Compositional Synthesis},
  booktitle = {CAV},
  year      = {2006},
  pages     = {31-44},
}

@inproceedings{DBLP:conf/focs/KupfermanV05,
  author    = {Orna Kupferman and
               Moshe Y. Vardi},
  title     = {Safraless Decision Procedures},
  booktitle = {FOCS},
  year      = {2005},
  pages     = {531-542},
}

@inproceedings{DBLP:conf/cav/FiliotJR09,
  author    = {Emmanuel Filiot and
               Naiyong Jin and
               Jean-Fran\c{c}ois Raskin},
  title     = {An Antichain Algorithm for {LTL} Realizability},
  booktitle = {CAV},
  year      = {2009},
  pages     = {263-277},
}

@inproceedings{DBLP:conf/atva/ScheweF07a,
  author    = {Sven Schewe and
               Bernd Finkbeiner},
  title     = {Bounded Synthesis},
  booktitle = {ATVA},
  year      = {2007},
  pages     = {474-488},
}


@inproceedings{DBLP:conf/focs/Maidl00,
  author    = {Monika Maidl},
  title     = {The Common Fragment of {CTL} and {LTL}},
  booktitle = {FOCS},
  year      = {2000},
  pages     = {643-652},
}


@PhdThesis{Dill89,
  author = 	 {David L. Dill},
  title = 	 {Trace Theory for Automatic Hierarchical Verification of Speed-independent Circuits},
  school = 	 {ACM Distinguished Dissertation Series. MIT Press},
  year = 	 {1989},
  OPTkey = 	 {},
  OPTtype = 	 {},
  OPTaddress = 	 {},
  OPTmonth = 	 {},
  OPTnote = 	 {},
  OPTannote = 	 {}
}


@Article{Ramadg89,
  author =     {P. J. G. Ramadge and W. M. Wonham},
  title =     {The Control of Discrete Event Systems},
  journal =     {Proceedings of the IEEE},
  year =     1989,
  volume =     77,
  pages =     {81-98}
}

@article{Ramadge87,
 author = {Ramadge, P. J. and Wonham, W. M.},
 title = {Supervisory control of a class of discrete event processes},
 journal = {SIAM J. Control Optim.},
 volume = {25},
 issue = {1},
 month = {January},
 year = {1987},
 issn = {0363-0129},
 pages = {206--230},
 numpages = {25},
 url = {http://portal.acm.org/citation.cfm?id=35469.35482},
 doi = {10.1137/0325013},
 acmid = {35482},
 publisher = {Society for Industrial and Applied Mathematics},
 address = {Philadelphia, PA, USA},
}
