@Misc{Berkel06,
  author =       {{Berkeley Logic Synthesis and Verification Group}},
  title =        {ABC: A System for Sequential Synthesis and Verification, Release 61208.},
  howpublished = {http://www.eecs.berkeley.edu/$\sim$alanmi/abc/},
}

@Misc{Baum06,
  author = {J. Baumgartner},
  title  = {Integrating {FV} Into Main-Stream Verification: 
            The {IBM} Experience},
  note   = {Invited Talk at the Conference on Formal Methods in 
            Computer Aided Design (FMCAD'06)},
  address = {San Jose, California, USA},
  year   = {2006}
}


@Misc{Eisner05,
  author = {Cindy Eisner},
  title = {{Personal Communication}},
  year = 2005,
  note = {Research Staff Member at the IBM Haifa Research Laboratory}
}

