
@inproceedings{DBLP:journals/corr/0001P16a,
  author    = {St{\'{e}}phane Le Roux and
               Arno Pauly},
  title     = {Extending Finite Memory Determinacy to Multiplayer Games},
  booktitle = {Proceedings of the 4th International Workshop on Strategic Reasoning,
               {SR} 2016, New York City, USA, 10th July 2016.},
  pages     = {27--40},
  year      = {2016},
  crossref  = {DBLP:journals/corr/LomuscioV16},
  url       = {http://dx.doi.org/10.4204/EPTCS.218.3},
  doi       = {10.4204/EPTCS.218.3},
  timestamp = {Wed, 03 Aug 2016 11:42:52 +0200},
  biburl    = {http://dblp.uni-trier.de/rec/bib/journals/corr/0001P16a},
  bibsource = {dblp computer science bibliography, http://dblp.org}
}



@inproceedings{DBLP:journals/corr/abs-1303-0789,
  author    = {Nils Bulling and
               Valentin Goranko},
  title     = {How to Be Both Rich and Happy: Combining Quantitative and Qualitative
               Strategic Reasoning about Multi-Player Games (Extended Abstract)},
  booktitle = {Proceedings 1st International Workshop on Strategic Reasoning, {SR}
               2013, Rome, Italy, March 16-17, 2013.},
  pages     = {33--41},
  year      = {2013},
  crossref  = {DBLP:journals/corr/abs-1303-0071},
  url       = {http://dx.doi.org/10.4204/EPTCS.112.8},
  doi       = {10.4204/EPTCS.112.8},
  timestamp = {Mon, 28 Oct 2013 16:56:55 +0100},
  biburl    = {http://dblp.uni-trier.de/rec/bib/journals/corr/abs-1303-0789},
  bibsource = {dblp computer science bibliography, http://dblp.org}
}

@proceedings{DBLP:journals/corr/abs-1303-0071,
  editor    = {Fabio Mogavero and
               Aniello Murano and
               Moshe Y. Vardi},
  title     = {Proceedings 1st International Workshop on Strategic Reasoning, {SR}
               2013, Rome, Italy, March 16-17, 2013},
  series    = {{EPTCS}},
  volume    = {112},
  year      = {2013},
  url       = {http://dx.doi.org/10.4204/EPTCS.112},
  doi       = {10.4204/EPTCS.112},
  timestamp = {Mon, 28 Oct 2013 16:56:55 +0100},
  biburl    = {http://dblp.uni-trier.de/rec/bib/journals/corr/abs-1303-0071},
  bibsource = {dblp computer science bibliography, http://dblp.org}
}

@article{DBLP:journals/corr/0001P16,
  author    = {St{\'{e}}phane Le Roux and
               Arno Pauly},
  title     = {Extending finite memory determinacy: General techniques and an application
               to energy parity games},
  journal   = {CoRR},
  volume    = {abs/1602.08912},
  year      = {2016},
  url       = {http://arxiv.org/abs/1602.08912},
  timestamp = {Tue, 01 Mar 2016 17:47:25 +0100},
  biburl    = {http://dblp.uni-trier.de/rec/bib/journals/corr/0001P16},
  bibsource = {dblp computer science bibliography, http://dblp.org}
}



@article{ZwPa95,
    author    = {Uri Zwick and
               Mike Paterson},
  title     = {The Complexity of Mean Payoff Games on Graphs},
  journal   = {Theoretical Computer Science},
  volume    = {158},
  number    = {1{\&}2},
  pages     = {343--359},
  year      = {1996},
  opturl       = {http://dx.doi.org/10.1016/0304-3975(95)00188-3},
  optdoi       = {10.1016/0304-3975(95)00188-3},
  timestamp = {Wed, 19 Nov 2003 16:11:42 +0100},
  biburl    = {http://dblp.uni-trier.de/rec/bib/journals/tcs/ZwickP96},
  bibsource = {dblp computer science bibliography, http://dblp.org}
}


@article{EM79, year={1979}, issn={0020-7276}, journal={International Journal of Game
Theory}, volume={8}, number={2}, title={Positional strategies
for mean payoff games}, publisher={Physica-Verlag}, author={Ehrenfeucht, A. and Mycielski, J.}, pages={109-113},
language={English}, }


@proceedings{DBLP:conf/dagstuhl/2001automata,
  editor    = {Erich Gr{\"{a}}del and
               Wolfgang Thomas and
               Thomas Wilke},
  title     = {Automata, Logics, and Infinite Games: {A} Guide to Current Research
               [outcome of a Dagstuhl seminar, February 2001]},
  series    = {Lecture Notes in Computer Science},
  volume    = {2500},
  publisher = {Springer},
  year      = {2002},
  isbn      = {3-540-00388-6},
  timestamp = {Wed, 04 Dec 2002 10:43:56 +0100},
  biburl    = {http://dblp.uni-trier.de/rec/bib/conf/dagstuhl/2001automata},
  bibsource = {dblp computer science bibliography, http://dblp.org}
}

@inproceedings{DBLP:conf/fsttcs/BouyerMS14,
  author    = {Patricia Bouyer and
               Nicolas Markey and
               Daniel Stan},
  title     = {Mixed Nash Equilibria in Concurrent Terminal-Reward Games},
  booktitle = {34th International Conference on Foundation of Software Technology
               and Theoretical Computer Science, {FSTTCS} 2014, December 15-17, 2014,
               New Delhi, India},
  pages     = {351--363},
  year      = {2014},
  crossref  = {DBLP:conf/fsttcs/2014},
  url       = {http://dx.doi.org/10.4230/LIPIcs.FSTTCS.2014.351},
  doi       = {10.4230/LIPIcs.FSTTCS.2014.351},
  timestamp = {Fri, 27 May 2016 10:03:52 +0200},
  biburl    = {http://dblp.uni-trier.de/rec/bib/conf/fsttcs/BouyerMS14},
  bibsource = {dblp computer science bibliography, http://dblp.org}
}

@proceedings{DBLP:conf/fsttcs/2014,
  editor    = {Venkatesh Raman and
               S. P. Suresh},
  title     = {34th International Conference on Foundation of Software Technology
               and Theoretical Computer Science, {FSTTCS} 2014, December 15-17, 2014,
               New Delhi, India},
  series    = {LIPIcs},
  volume    = {29},
  publisher = {Schloss Dagstuhl - Leibniz-Zentrum fuer Informatik},
  year      = {2014},
  url       = {http://www.dagstuhl.de/dagpub/978-3-939897-77-4},
  isbn      = {978-3-939897-77-4},
  timestamp = {Fri, 27 May 2016 10:03:52 +0200},
  biburl    = {http://dblp.uni-trier.de/rec/bib/conf/fsttcs/2014},
  bibsource = {dblp computer science bibliography, http://dblp.org}
}

@InProceedings{gutierrez_et_al:LIPIcs:2015:5380,
  author =	{Julian Gutierrez and Paul Harrenstein and Michael Wooldridge},
  title =	{{Expresiveness and Complexity Results for Strategic Reasoning}},
  booktitle =	{26th International Conference on Concurrency Theory (CONCUR 2015)},
  pages =	{268--282},
  series =	{Leibniz International Proceedings in Informatics (LIPIcs)},
  ISBN =	{978-3-939897-91-0},
  ISSN =	{1868-8969},
  year =	{2015},
  volume =	{42},
  editor =	{Luca Aceto and David de Frutos Escrig},
  publisher =	{Schloss Dagstuhl--Leibniz-Zentrum fuer Informatik},
  address =	{Dagstuhl, Germany},
  URL =		{http://drops.dagstuhl.de/opus/volltexte/2015/5380},
  URN =		{urn:nbn:de:0030-drops-53802},
  doi =		{http://dx.doi.org/10.4230/LIPIcs.CONCUR.2015.268},
  annote =	{Keywords: Temporal logic, Nash equilibrium, game models, formal verification}
}

@article{DBLP:journals/corr/0001P16,
  author    = {St{\'{e}}phane Le Roux and
               Arno Pauly},
  title     = {Extending finite memory determinacy: General techniques and an application
               to energy parity games},
  journal   = {CoRR},
  volume    = {abs/1602.08912},
  year      = {2016},
  url       = {http://arxiv.org/abs/1602.08912},
  timestamp = {Tue, 01 Mar 2016 17:47:25 +0100},
  biburl    = {http://dblp.uni-trier.de/rec/bib/journals/corr/0001P16},
  bibsource = {dblp computer science bibliography, http://dblp.org}
}


@article{DBLP:journals/corr/abs-1210-3539,
  author    = {Aaron Bohy and
               V{\'{e}}ronique Bruy{\`{e}}re and
               Emmanuel Filiot and
               Jean{-}Fran{\c{c}}ois Raskin},
  title     = {Synthesis from {LTL} Specifications with Mean-Payoff Objectives},
  journal   = {CoRR},
  volume    = {abs/1210.3539},
  year      = {2012},
  url       = {http://arxiv.org/abs/1210.3539},
  timestamp = {Fri, 02 Nov 2012 14:53:02 +0100},
  biburl    = {http://dblp.uni-trier.de/rec/bib/journals/corr/abs-1210-3539},
  bibsource = {dblp computer science bibliography, http://dblp.org}
}

@article{DBLP:journals/corr/abs-1109-6220,
  author    = {Michael Ummels and
               Dominik Wojtczak},
  title     = {The Complexity of Nash Equilibria in Limit-Average Games},
  journal   = {CoRR},
  volume    = {abs/1109.6220},
  year      = {2011},
  url       = {http://arxiv.org/abs/1109.6220},
  timestamp = {Mon, 05 Dec 2011 18:05:25 +0100},
  biburl    = {http://dblp.uni-trier.de/rec/bib/journals/corr/abs-1109-6220},
  bibsource = {dblp computer science bibliography, http://dblp.org}
}
@inproceedings{DBLP:conf/fsttcs/ChatterjeeDHR10,
  author    = {Krishnendu Chatterjee and
               Laurent Doyen and
               Thomas A. Henzinger and
               Jean{-}Fran{\c{c}}ois Raskin},
  title     = {Generalized Mean-payoff and Energy Games},
  booktitle = {{IARCS} Annual Conference on Foundations of Software Technology and
               Theoretical Computer Science, {FSTTCS} 2010, December 15-18, 2010,
               Chennai, India},
  pages     = {505--516},
  year      = {2010},
  crossref  = {DBLP:conf/fsttcs/2010},
  url       = {http://dx.doi.org/10.4230/LIPIcs.FSTTCS.2010.505},
  doi       = {10.4230/LIPIcs.FSTTCS.2010.505},
  timestamp = {Thu, 22 Aug 2013 10:28:14 +0200},
  biburl    = {http://dblp.uni-trier.de/rec/bib/conf/fsttcs/ChatterjeeDHR10},
  bibsource = {dblp computer science bibliography, http://dblp.org}
}

@inproceedings{DBLP:conf/lics/ChatterjeeHJ05,
  author    = {Krishnendu Chatterjee and
               Thomas A. Henzinger and
               Marcin Jurdzinski},
  title     = {Mean-Payoff Parity Games},
  booktitle = {20th {IEEE} Symposium on Logic in Computer Science {(LICS} 2005),
               26-29 June 2005, Chicago, IL, USA, Proceedings},
  pages     = {178--187},
  year      = {2005},
  crossref  = {DBLP:conf/lics/2005},
  url       = {http://dx.doi.org/10.1109/LICS.2005.26},
  doi       = {10.1109/LICS.2005.26},
  timestamp = {Sat, 22 Nov 2014 13:44:44 +0100},
  biburl    = {http://dblp.uni-trier.de/rec/bib/conf/lics/ChatterjeeHJ05},
  bibsource = {dblp computer science bibliography, http://dblp.org}
}

@proceedings{DBLP:conf/lics/2005,
  title     = {20th {IEEE} Symposium on Logic in Computer Science {(LICS} 2005),
               26-29 June 2005, Chicago, IL, USA, Proceedings},
  publisher = {{IEEE} Computer Society},
  year      = {2005},
  url       = {http://ieeexplore.ieee.org/xpl/mostRecentIssue.jsp?punumber=10087},
  isbn      = {0-7695-2266-1},
  timestamp = {Fri, 21 Nov 2014 14:08:56 +0100},
  biburl    = {http://dblp.uni-trier.de/rec/bib/conf/lics/2005},
  bibsource = {dblp computer science bibliography, http://dblp.org}
}


@proceedings{DBLP:conf/fsttcs/2010,
  editor    = {Kamal Lodaya and
               Meena Mahajan},
  title     = {{IARCS} Annual Conference on Foundations of Software Technology and
               Theoretical Computer Science, {FSTTCS} 2010, December 15-18, 2010,
               Chennai, India},
  series    = {LIPIcs},
  volume    = {8},
  publisher = {Schloss Dagstuhl - Leibniz-Zentrum fuer Informatik},
  year      = {2010},
  url       = {http://drops.dagstuhl.de/opus/portals/extern/index.php?semnr=10007},
  isbn      = {978-3-939897-23-1},
  timestamp = {Tue, 26 Feb 2013 10:47:56 +0100},
  biburl    = {http://dblp.uni-trier.de/rec/bib/conf/fsttcs/2010},
  bibsource = {dblp computer science bibliography, http://dblp.org}
}

@inproceedings{DBLP:conf/concur/UmmelsW11,
  author    = {Michael Ummels and
               Dominik Wojtczak},
  title     = {The Complexity of Nash Equilibria in Limit-Average Games},
  booktitle = {{CONCUR} 2011 - Concurrency Theory - 22nd International Conference,
               {CONCUR} 2011, Aachen, Germany, September 6-9, 2011. Proceedings},
  pages     = {482--496},
  year      = {2011},
  crossref  = {DBLP:conf/concur/2011},
  url       = {http://dx.doi.org/10.1007/978-3-642-23217-6_32},
  doi       = {10.1007/978-3-642-23217-6_32},
  timestamp = {Wed, 07 Jan 2015 18:21:21 +0100},
  biburl    = {http://dblp.uni-trier.de/rec/bib/conf/concur/UmmelsW11},
  bibsource = {dblp computer science bibliography, http://dblp.org}
}

@proceedings{DBLP:conf/concur/2011,
  editor    = {Joost{-}Pieter Katoen and
               Barbara K{\"{o}}nig},
  title     = {{CONCUR} 2011 - Concurrency Theory - 22nd International Conference,
               {CONCUR} 2011, Aachen, Germany, September 6-9, 2011. Proceedings},
  series    = {Lecture Notes in Computer Science},
  volume    = {6901},
  publisher = {Springer},
  year      = {2011},
  url       = {http://dx.doi.org/10.1007/978-3-642-23217-6},
  doi       = {10.1007/978-3-642-23217-6},
  isbn      = {978-3-642-23216-9},
  timestamp = {Wed, 07 Jan 2015 18:21:21 +0100},
  biburl    = {http://dblp.uni-trier.de/rec/bib/conf/concur/2011},
  bibsource = {dblp computer science bibliography, http://dblp.org}
}


@article{DBLP:journals/corr/BouyerBMU15,
  author    = {Patricia Bouyer and
               Romain Brenguier and
               Nicolas Markey and
               Michael Ummels},
  title     = {Pure Nash Equilibria in Concurrent Deterministic Games},
  journal   = {Logical Methods in Computer Science},
  volume    = {11},
  number    = {2},
  year      = {2015},
  url       = {http://dx.doi.org/10.2168/LMCS-11(2:9)2015},
  doi       = {10.2168/LMCS-11(2:9)2015},
  timestamp = {Fri, 08 Jan 2016 11:09:20 +0100},
  biburl    = {http://dblp.uni-trier.de/rec/bib/journals/corr/BouyerBMU15},
  bibsource = {dblp computer science bibliography, http://dblp.org}
}

@Inbook{Brihaye2013,
author="Brihaye, Thomas
and De Pril, Julie
and Schewe, Sven",
editor="Artemov, Sergei
and Nerode, Anil",
title="Multiplayer Cost Games with Simple Nash Equilibria",
bookTitle="Logical Foundations of Computer Science: International Symposium, LFCS 2013, San Diego, CA, USA, January 6-8, 2013. Proceedings",
year="2013",
publisher="Springer Berlin Heidelberg",
address="Berlin, Heidelberg",
pages="59--73",
isbn="978-3-642-35722-0",
doi="10.1007/978-3-642-35722-0_5",
url="http://dx.doi.org/10.1007/978-3-642-35722-0_5"
}


@inproceedings{DBLP:conf/fossacs/BouyerBMU12,
  author    = {Patricia Bouyer and
               Romain Brenguier and
               Nicolas Markey and
               Michael Ummels},
  title     = {Concurrent Games with Ordered Objectives},
  booktitle = {Foundations of Software Science and Computational Structures - 15th
               International Conference, {FOSSACS} 2012, Held as Part of the European
               Joint Conferences on Theory and Practice of Software, {ETAPS} 2012,
               Tallinn, Estonia, March 24 - April 1, 2012. Proceedings},
  pages     = {301--315},
  year      = {2012},
  crossref  = {DBLP:conf/fossacs/2012},
  url       = {http://dx.doi.org/10.1007/978-3-642-28729-9_20},
  doi       = {10.1007/978-3-642-28729-9_20},
  timestamp = {Fri, 23 Mar 2012 15:09:35 +0100},
  biburl    = {http://dblp.uni-trier.de/rec/bib/conf/fossacs/BouyerBMU12},
  bibsource = {dblp computer science bibliography, http://dblp.org}
}

@article{DBLP:journals/siamcomp/DaskalakisGP09,
  author    = {Constantinos Daskalakis and
               Paul W. Goldberg and
               Christos H. Papadimitriou},
  title     = {The Complexity of Computing a Nash Equilibrium},
  journal   = {{SIAM} J. Comput.},
  volume    = {39},
  number    = {1},
  pages     = {195--259},
  year      = {2009},
  url       = {http://dx.doi.org/10.1137/070699652},
  doi       = {10.1137/070699652},
  timestamp = {Wed, 03 Feb 2010 09:05:39 +0100},
  biburl    = {http://dblp.uni-trier.de/rec/bib/journals/siamcomp/DaskalakisGP09},
  bibsource = {dblp computer science bibliography, http://dblp.org}
}
@proceedings{DBLP:conf/fossacs/2012,
  editor    = {Lars Birkedal},
  title     = {Foundations of Software Science and Computational Structures - 15th
               International Conference, {FOSSACS} 2012, Held as Part of the European
               Joint Conferences on Theory and Practice of Software, {ETAPS} 2012,
               Tallinn, Estonia, March 24 - April 1, 2012. Proceedings},
  series    = {Lecture Notes in Computer Science},
  volume    = {7213},
  publisher = {Springer},
  year      = {2012},
  url       = {http://dx.doi.org/10.1007/978-3-642-28729-9},
  doi       = {10.1007/978-3-642-28729-9},
  isbn      = {978-3-642-28728-2},
  timestamp = {Fri, 23 Mar 2012 15:00:51 +0100},
  biburl    = {http://dblp.uni-trier.de/rec/bib/conf/fossacs/2012},
  bibsource = {dblp computer science bibliography, http://dblp.org}
}

@article{DBLP:journals/tocl/MogaveroMPV14,
  author    = {Fabio Mogavero and
               Aniello Murano and
               Giuseppe Perelli and
               Moshe Y. Vardi},
  title     = {Reasoning About Strategies: On the Model-Checking Problem},
  journal   = {{ACM} Trans. Comput. Log.},
  volume    = {15},
  number    = {4},
  pages     = {34:1--34:47},
  year      = {2014},
  url       = {http://doi.acm.org/10.1145/2631917},
  doi       = {10.1145/2631917},
  timestamp = {Tue, 21 Apr 2015 17:24:46 +0200},
  biburl    = {http://dblp.uni-trier.de/rec/bib/journals/tocl/MogaveroMPV14},
  bibsource = {dblp computer science bibliography, http://dblp.org}
}

@inproceedings{AmRu14,
  author    = {Benjamin Aminof and
               Sasha Rubin},
  title     = {First Cycle Games},
  booktitle = {Proceedings 2nd International Workshop on Strategic Reasoning, {SR}
               2014, Grenoble, France, April 5-6, 2014.},
  pages     = {83--90},
  year      = {2014},
  crossref  = {DBLP:journals/corr/MogaveroMV14},
  url       = {http://dx.doi.org/10.4204/EPTCS.146.11},
  doi       = {10.4204/EPTCS.146.11},
  timestamp = {Fri, 02 May 2014 14:35:37 +0200},
  biburl    = {http://dblp.uni-trier.de/rec/bib/journals/corr/AminofR14},
  bibsource = {dblp computer science bibliography, http://dblp.org}
}

@proceedings{DBLP:journals/corr/MogaveroMV14,
  editor    = {Fabio Mogavero and
               Aniello Murano and
               Moshe Y. Vardi},
  title     = {Proceedings 2nd International Workshop on Strategic Reasoning, {SR}
               2014, Grenoble, France, April 5-6, 2014},
  series    = {{EPTCS}},
  volume    = {146},
  year      = {2014},
  url       = {http://dx.doi.org/10.4204/EPTCS.146},
  doi       = {10.4204/EPTCS.146},
  timestamp = {Fri, 02 May 2014 14:35:37 +0200},
  biburl    = {http://dblp.uni-trier.de/rec/bib/journals/corr/MogaveroMV14},
  bibsource = {dblp computer science bibliography, http://dblp.org}
}


@Article{EM79,
author="Ehrenfeucht, A.
and Mycielski, J.",
title="Positional strategies for mean payoff games",
journal="International Journal of Game Theory",
year="1979",
volume="8",
number="2",
pages="109--113",
doi="10.1007/BF01768705",
}


@inproceedings{CJM04,
  author    = {Krishnendu Chatterjee and
               Rupak Majumdar and
               Marcin Jurdzinski},
  title     = {On Nash Equilibria in Stochastic Games},
  booktitle = {Computer Science Logic, 18th International Workshop, {CSL} 2004, 13th
               Annual Conference of the EACSL, Karpacz, Poland, September 20-24,
               2004, Proceedings},
  pages     = {26--40},
  year      = {2004},
  crossref  = {DBLP:conf/csl/2004},
  url       = {http://dx.doi.org/10.1007/978-3-540-30124-0_6},
  doi       = {10.1007/978-3-540-30124-0_6},
  timestamp = {Thu, 04 Aug 2011 14:29:24 +0200},
  biburl    = {http://dblp.uni-trier.de/rec/bib/conf/csl/ChatterjeeMJ04},
  bibsource = {dblp computer science bibliography, http://dblp.org}
}

@proceedings{DBLP:conf/csl/2004,
  editor    = {Jerzy Marcinkowski and
               Andrzej Tarlecki},
  title     = {Computer Science Logic, 18th International Workshop, {CSL} 2004, 13th
               Annual Conference of the EACSL, Karpacz, Poland, September 20-24,
               2004, Proceedings},
  series    = {Lecture Notes in Computer Science},
  volume    = {3210},
  publisher = {Springer},
  year      = {2004},
  isbn      = {3-540-23024-6},
  timestamp = {Tue, 14 Sep 2004 09:13:43 +0200},
  biburl    = {http://dblp.uni-trier.de/rec/bib/conf/csl/2004},
  bibsource = {dblp computer science bibliography, http://dblp.org},
  }
  
@article{Jurd98,
  author    = {Marcin Jurdzinski},
  title     = {Deciding the Winner in Parity Games is in {UP} $\cap$ 
               co-{UP}},
  journal   = {Inf. Process. Lett.},
  volume    = {68},
  number    = {3},
  pages     = {119--124},
  year      = {1998},
  doi       = {10.1016/S0020-0190(98)00150-1},
}


@article {LeRoux14,
author = {Le Roux, Stéphane},
title = {From winning strategy to Nash equilibrium},
journal = {Mathematical Logic Quarterly},
volume = {60},
number = {4-5},
issn = {1521-3870},
url = {http://dx.doi.org/10.1002/malq.201300034},
doi = {10.1002/malq.201300034},
pages = {354--371},
year = {2014},
}

@article{Alpe91,
title = "Cycles in extensive form perfect information games",
journal = "Journal of Mathematical Analysis and Applications",
volume = "159",
number = "1",
pages = "1 - 17",
year = "1991",
doi = "http://dx.doi.org/10.1016/0022-247X(91)90217-N",
author = "Steve Alpern",
}

@inproceedings{DBLP:conf/fsttcs/PaulS09,
  author    = {Soumya Paul and
               Sunil Easaw Simon},
  title     = {Nash Equilibrium in Generalised Muller Games},
  booktitle = {{IARCS} Annual Conference on Foundations of Software Technology and
               Theoretical Computer Science, {FSTTCS} 2009, December 15-17, 2009,
               {IIT} Kanpur, India},
  pages     = {335--346},
  year      = {2009},
  crossref  = {DBLP:conf/fsttcs/2009},
  url       = {http://dx.doi.org/10.4230/LIPIcs.FSTTCS.2009.2330},
  doi       = {10.4230/LIPIcs.FSTTCS.2009.2330},
}

@proceedings{DBLP:conf/fsttcs/2009,
  editor    = {Ravi Kannan and
               K. Narayan Kumar},
  title     = {{IARCS} Annual Conference on Foundations of Software Technology and
               Theoretical Computer Science, {FSTTCS} 2009, December 15-17, 2009,
               {IIT} Kanpur, India},
  series    = {LIPIcs},
  volume    = {4},
  publisher = {Schloss Dagstuhl - Leibniz-Zentrum fuer Informatik},
  year      = {2009},
  isbn      = {978-3-939897-13-2},
}

@inproceedings{CFRR16,
  title={The Complexity of Rational Synthesis},
  author={Rodica Condurache and Emmanuel Filiot and Raffaella Gentilini and Jean-Fran{\c{c}}ois Raskin},
  booktitle = {ICALP 2016},
  year = 2016,
}
