% Time-stamp: <abbrevs.bib 17 nov 2009 19h38m54>
%%%%%%%%%%%%%%%%%%%%%%%%%%%%%%%%%%%%%%%%%%%%
%      
%   abbrevs.bib
%
%   File for abbreviations to use in bibtex files
%
%%%%%%%%%%%%%%%%%%%%%%%%%%%%%%%%%%%%%%%%%%%%
%
%  Historique
%  version envoyee par P. Grabner 0209
%  A  faire diff avec version precedente de Michel  appelee big0209.bib
%  version PG  18/09/09/
%%%%%%%%%%%%%%%%%%%%%%%%%%%%%%%%%%%%%%%%%%%%

%%%%%%%%%%%% Series %%%%%%%%%%%%%%%%%%%%%%%%
@string{AAC = "Algorithms and Combinatorics"}
@string{AMST = "Amer. Math. Soc. Translations"}
@string{BCP = "Banach Center Publications"}
@string{EATCS = "EATCS Monographs on Theoretical Computer Science"}
@string{LMSLN = "London Math. Soc. Lect. Note Ser."}
@string{LNICS = "Lecture Notes in Comput. Sci."}
@string{LNCS     = "Lecture Notes in Comput. Sci."}
@string{LNIM = "Lecture Notes in Mathematics"}
@string{PM = "Progress in Mathematics"}
@string{PMO = "Publ. Math. Orsay"}
@string{SPIP = "Springer Proceedings in Physics"}

%%%%%%%%%%%% Conferences %%%%%%%%%%%%%%%%%%%%
%
% CIAA
%
@String{CIAA02   = "7th Conference on Implementation Application Automata (CIAA)"}
@String{CIAA03   = "8th Conference on Implementation Application Automata (CIAA)"}
@String{CIAA04   = "9th Conference on Implementation Application Automata (CIAA)"}
@String{CIAA06   = "11th Conference on Implementation Application Automata (CIAA)"}
%
% COCOON
%
@string{COCOON97 = "Proc. 3rd Ann. Int'l. Conf. on Computing and Combinatorics"}
%
% FCT
%
@string{FCT77 = "Fundamentals of Computation Theory:  Proceedings of the 1977
International FCT-Conference"}
@string{FCT81 = "Fundamentals of Computation Theory:  Proceedings of the 1981
International FCT-Conference"}
@string{FCT85 = "Fundamentals of Computation Theory:  FCT '85"}
@string{FCT89 = "Fundamentals of Computation Theory:  FCT '89"}
@string{FCT93 = "Fundamentals of Computation Theory:  FCT '93"}
@string{FCT97 = "Fundamentals of Computation Theory:  FCT '97"}
@string{FCT99 = "Fundamentals of Computation Theory:  FCT '99"}
%
% COMPARITH
%
@string{COMPARITH78 = "Proc. 4th IEEE Symp. Computer Arithmetic"}
@string{COMPARITH91 = "Proc. 10th IEEE Symp. Computer Arithmetic"}
@string{COMPARITH97 = "Proc. 13th IEEE Symp. Computer Arithmetic"}
%
% DLT
%
@String{DLT07   = "Developments in Language Theory"}
%
% LATA
%
@String{LATA08    = "Language and Automata Theory and Applications"}
%
% SODA
%
@string{SODA90 = "Proc. 1st ACM-SIAM Symp. Discrete Algorithms (SODA)"}
@string{SODA92 = "Proc. 3rd ACM-SIAM Symp. Discrete Algorithms (SODA)"}
@string{SODA93 = "Proc. 4th ACM-SIAM Symp. Discrete Algorithms (SODA)"}
@string{SODA99 = "Proc. 10th ACM-SIAM Symp. Discrete Algorithms (SODA)"}

@string{AAECC3 = "Algebraic Algorithms and Error-Correcting Codes: AAEEC-3"}
@string{AAECC8 = "Applied Algebra, Algebraic Algorithms and Error-Correcting Codes:  AAECC-8"}
@string{AAECC9 = "Applied Algebra, Algebraic Algorithms and Error-Correcting Codes:  AAECC-9"}
%
% CPM
%
@string{CPM94 = "Combinatorial Pattern Matching, 1994"}
@string{CPM97 = "Combinatorial Pattern Matching, 1997"}

@string{AWOC88 = "VLSI Algorithms and Architectures.  3rd Aegean Worskhop on Computing, AWOC 88"}

@string{AUSCRYPT90 = "Advances in Cryptology---AUSCRYPT '90"}

@string{ISSAC91 = "Proc. Int'l. Symp. on Symbolic and Algebraic Computation:  ISSAC '91"}
@string{ISSAC92 = "Proc. Int'l. Symp. on Symbolic and Algebraic Computation:  ISSAC '92"}

@string{ISTCS92 = "Theory of Computing and Systems.  ISTCS '92, Israel Symposium"}

@string{SPAA90 = "Proc. 2nd Ann. ACM Symp. Parallel Algorithms and Architectures"}
%
% ICALP
%
@string{ICALP72 = "Automata, Languages, and Programming:  Proceedings of a Symposium"}
@string{ICALP74 = "Proc. 2nd Colloq. on Automata, Languages, and Programming (ICALP)"}
@string{ICALP79 = "Proc. 6th Int'l Conf. on Automata, Languages, and Programming (ICALP)"}
@string{ICALP81 = "Proc. 8th Int'l Conf. on Automata, Languages, and Programming (ICALP)"}
@string{ICALP82 = "Proc. 9th Int'l Conf. on Automata, Languages, and Programming (ICALP)"}
@string{ICALP83 = "Proc. 10th Int'l Conf. on Automata, Languages, and Programming (ICALP)"}
@string{ICALP84 = "Proc. 11th Int'l Conf. on Automata, Languages, and Programming (ICALP)"}
@string{ICALP85 = "Proc. 12th Int'l Conf. on Automata, Languages, and Programming (ICALP)"}
@string{ICALP88 = "Proc. 15th Int'l Conf. on Automata, Languages, and Programming (ICALP)"}
@string{ICALP91 = "Proc. 18th Int'l Conf. on Automata, Languages, and Programming (ICALP)"}
@string{ICALP92 = "Proc. 19th Int'l Conf. on Automata, Languages, and Programming (ICALP)"}
@string{ICALP93 = "Proc. 20th Int'l Conf. on Automata, Languages, and Programming (ICALP)"}
@string{ICALP96 = "Proc. 23rd Int'l Conf. on Automata, Languages, and Programming (ICALP)"}
@string{ICALP97 = "Proc. 24th Int'l Conf. on Automata, Languages, and Programming (ICALP)"}
@string{ICALP98 = "Proc. 25th Int'l Conf. on Automata, Languages, and Programming (ICALP)"}
%
% STACS
%
@string{STACS84 = "STACS 84, Proc. 1st Symp. Theoretical Aspects of Comp. Sci."}
@string{STACS87 = "STACS 87, Proc. 4th Symp. Theoretical Aspects of Comp. Sci."}
@string{STACS88 = "STACS 88, Proc. 5th Symp. Theoretical Aspects of Comp. Sci."}
@string{STACS89 = "STACS 89, Proc. 6th Symp. Theoretical Aspects of Comp. Sci."}
@string{STACS90 = "STACS 90, Proc. 7th Symp. Theoretical Aspects of Comp. Sci."}
@string{STACS91 = "STACS 91, Proc. 8th Symp. Theoretical Aspects of Comp. Sci."}
@string{STACS92 = "STACS 92, Proc. 9th Symp. Theoretical Aspects of Comp. Sci."}
@string{STACS93 = "STACS 93, Proc. 10th Symp. Theoretical Aspects of Comp. Sci."}
@string{STACS94 = "STACS 94, Proc. 11th Symp. Theoretical Aspects of Comp. Sci."}
@string{STACS95 = "STACS 95, Proc. 12th Symp. Theoretical Aspects of Comp. Sci."}
@string{STACS96 = "STACS 96, Proc. 13th Symp. Theoretical Aspects of Comp. Sci."}
@string{STACS98 = "STACS 98, Proc. 15th Symp. Theoretical Aspects of Comp. Sci."}
@string{STACS00 = "STACS 2000, Proc. 17th Symp. Theoretical Aspects of Comp. Sci."}
@string{STACS01 = "STACS 2001, Proc. 18th Symp. Theoretical Aspects of Comp. Sci."}
@string{STACS05 = "STACS 2005, Proc. 22th Symp. Theoretical Aspects of Comp. Sci."}
@string{STACS07 = "STACS 2007, Proc. 24th Symp. Theoretical Aspects of Comp. Sci."}
@string{STACS08 = "STACS 2008, Proc. 25th Symp. Theoretical Aspects of Comp. Sci."}
@string{STACS09 = "STACS 2009, Proc. 26th Symp. Theoretical Aspects of Comp. Sci."}

@string{CRYPTO82 = "Advances in Cryptology---Proceedings of CRYPTO 82"}
@string{CRYPTO83 = "Advances in Cryptology---Proceedings of Crypto 83"}
@string{CRYPTO84 = "Advances in Cryptology---Proceedings of CRYPTO 84"}
@string{CRYPTO85 = "Advances in Cryptology---CRYPTO '85 Proceedings"}
@string{CRYPTO86 = "Advances in Cryptology---CRYPTO '86 Proceedings"}
@string{CRYPTO87 = "Advances in Cryptology---CRYPTO '87 Proceedings"}
@string{CRYPTO88 = "Advances in Cryptology---CRYPTO '88 Proceedings"}
@string{CRYPTO89 = "Advances in Cryptology---CRYPTO '89 Proceedings"}
@string{CRYPTO90 = "Advances in Cryptology---CRYPTO '90 Proceedings"}
@string{CRYPTO91 = "Advances in Cryptology---CRYPTO '91 Proceedings"}
@string{CRYPTO92 = "Advances in Cryptology---CRYPTO '92 Proceedings"}

@string{EUROCRYPT84 = "Advances in Cryptology---Proceedings of EUROCRYPT 84"}
@string{EUROCRYPT85 = "Advances in Cryptology---EUROCRYPT '85 Proceedings"}
@string{EUROCRYPT86 = "Advances in Cryptology---EUROCRYPT '86 Proceedings"}
@string{EUROCRYPT87 = "Advances in Cryptology---EUROCRYPT '87 Proceedings"}
@string{EUROCRYPT88 = "Advances in Cryptology---EUROCRYPT '88 Proceedings"}
@string{EUROCRYPT89 = "Advances in Cryptology---EUROCRYPT '89 Proceedings"}
@string{EUROCRYPT90 = "Advances in Cryptology---EUROCRYPT '90 Proceedings"}
@string{EUROCRYPT91 = "Advances in Cryptology---EUROCRYPT '91 Proceedings"}
@string{EUROCRYPT92 = "Advances in Cryptology---EUROCRYPT '92 Proceedings"}
@string{EUROCRYPT99 = "Advances in Cryptology---EUROCRYPT '99 Proceedings"}

@string{SWAT66 = "Proc. 7th Ann. Symp. Switching and Automata Theory"}
%
% FOCS
%
@string{FOCS75 = "Proc. 16th Ann. Symp. Found. Comput. Sci."}
@string{FOCS76 = "Proc. 17th Ann. Symp. Found. Comput. Sci."}
@string{FOCS77 = "Proc. 18th Ann. Symp. Found. Comput. Sci."}
@string{FOCS78 = "Proc. 19th Ann. Symp. Found. Comput. Sci."}
@string{FOCS79 = "Proc. 20th Ann. Symp. Found. Comput. Sci."}
@string{FOCS80 = "Proc. 21st Ann. Symp. Found. Comput. Sci."}
@string{FOCS81 = "Proc. 22nd Ann. Symp. Found. Comput. Sci."}
@string{FOCS82 = "Proc. 23rd Ann. Symp. Found. Comput. Sci."}
@string{FOCS83 = "Proc. 24th Ann. Symp. Found. Comput. Sci."}
@string{FOCS84 = "Proc. 25th Ann. Symp. Found. Comput. Sci."}
@string{FOCS85 = "Proc. 26th Ann. Symp. Found. Comput. Sci."}
@string{FOCS86 = "Proc. 27th Ann. Symp. Found. Comput. Sci."}
@string{FOCS87 = "Proc. 28th Ann. Symp. Found. Comput. Sci."}
@string{FOCS88 = "Proc. 29th Ann. Symp. Found. Comput. Sci."}
@string{FOCS89 = "Proc. 30th Ann. Symp. Found. Comput. Sci."}
@string{FOCS90 = "Proc. 31st Ann. Symp. Found. Comput. Sci."}
@string{FOCS91 = "Proc. 32nd Ann. Symp. Found. Comput. Sci."}
@string{FOCS99 = "Proc. 40th Ann. Symp. Found. Comput. Sci."}


@string{STOC69  = "Proc. First Ann. ACM Symp. Theor. Comput."}
@string{STOC70  = "Proc. Second Ann. ACM Symp. Theor. Comput."}
@string{STOC71  = "Proc. Third Ann. ACM Symp. Theor. Comput."}
@string{STOC72  = "Proc. Fourth Ann. ACM Symp. Theor. Comput."}
@string{STOC73  = "Proc. Fifth Ann. ACM Symp. Theor. Comput."}
@string{STOC74  = "Proc. Sixth Ann. ACM Symp. Theor. Comput."}
@string{STOC75  = "Proc. Seventh Ann. ACM Symp. Theor. Comput."}
@string{STOC76  = "Proc. Eighth Ann. ACM Symp. Theor. Comput."}
@string{STOC77  = "Proc. Ninth Ann. ACM Symp. Theor. Comput."}
@string{STOC78  = "Proc. Tenth Ann. ACM Symp. Theor. Comput."}
@string{STOC79  = "Proc. Eleventh Ann. ACM Symp. Theor. Comput."}
@string{STOC80  = "Proc. Twelfth Ann. ACM Symp. Theor. Comput."}
@string{STOC81  = "Proc. Thirteenth Ann. ACM Symp. Theor. Comput."}
@string{STOC82  = "Proc. Fourteenth Ann. ACM Symp. Theor. Comput."}
@string{STOC83  = "Proc. Fifteenth Ann. ACM Symp. Theor. Comput."}
@string{STOC84  = "Proc. Sixteenth Ann. ACM Symp. Theor. Comput."}
@string{STOC85  = "Proc. Seventeenth Ann. ACM Symp. Theor. Comput."}
@string{STOC86  = "Proc. Eighteenth Ann. ACM Symp. Theor. Comput."}
@string{STOC87  = "Proc. Nineteenth Ann. ACM Symp. Theor. Comput."}
@string{STOC88  = "Proc. Twentieth ACM Symp. Theor. Comput."}
@string{STOC89  = "Proc. Twenty-first Ann. ACM Symp. Theor. Comput."}
@string{STOC90  = "Proc. Twenty-second Ann. ACM Symp. Theor. Comput."}
@string{STOC91  = "Proc. Twenty-third Ann. ACM Symp. Theor. Comput."}
@string{STOC92  = "Proc. Twenty-fourth Ann. ACM Symp. Theor. Comput."}
@string{STOC93  = "Proc. Twenty-fifth Ann. ACM Symp. Theor. Comput."}

@string{ICM86 = "Proc. 1986 International Congress of Mathematicians"}
@string{ICM90 = "Proc. 1990 International Congress of Mathematicians"}
%
% MFCS
%
@string{MFCS78 = "Proc. 7th Symposium, Mathematical Foundations of Computer Science 1978"}
@string{MFCS84 = "Proc. 11th Symposium, Mathematical Foundations of Computer Science 1984"}
@string{MFCS86 = "Proc. 12th Symposium, Mathematical Foundations of Computer Science 1986"}
@string{MFCS90 = "Proc. 15th Symposium, Mathematical Foundations of Computer Science 1990"}
@string{MFCS92 = "Proc. 17th Symposium, Mathematical Foundations of Computer Science 1992"}
@string{MFCS93 = "Proc. 18th Symposium, Mathematical Foundations of Computer Science 1993"}
@string{MFCS95 = "Proc. 20th Symposium, Mathematical Foundations of Computer Science 1995"}
@string{MFCS97 = "Proc. 22nd Symposium, Mathematical Foundations of Computer Science 1997"}
@string{MFCS98 = "Proc. 23rd Symposium, Mathematical Foundations of Computer Science 1998"}
@string{MFCS99 = "Proc. 24th Symposium, Mathematical Foundations of Computer Science 1999"}
@string{MFCS2000 = "Proc. 25th Symposium, Mathematical Foundations of Computer
Science 2000"}
@string{MFCS2001 = "Proc. 26th Symposium, Mathematical Foundations of Computer
Science 2001"}
%
% LATIN
%
@string{LATIN92 = "1st Latin American Symposium on Theoretical Informatics (LATIN '92)"}

@string{NY = "New York"}

%%%%%%%%%%%%% Publisher %%%%%%%%%%%%
%
@string{ACM = "ACM"}
@string{AMS = "Amer. Math. Soc."}
@string{AP = "Academic Press"}
@string{AW = "Addison-Wesley"}
@string{BB = "{Birkh\"{a}user} Boston"}
@string{CUP = "Cambridge University Press"}
@string{DO = "Dover"}
@string{FRMN = "Freeman"}
@string{HBJ = "Harcourt Brace Jovanovich"}
@string{HD = "Holden-Day"}
@string{HPT = "{H\"older-Pichler-Tempsky}"}
@string{IEEEPR = "IEEE Press"}
@string{KAP = "Kluwer"}
@string{LITP = "Laboratoire Informatique Th\'eorique et Programmation"}
@string{MACM = "MacMillan"}
@string{MAA = "MAA"}
@string{MD = "Marcel Dekker"}
@string{MH = "McGraw-Hill"}
@string{MIT = "The MIT Press"}
@string{NH = "North-Holland"}
@string{OUP = "Oxford University Press"}
@string{PERG = "Pergamon Press"}
@string{PH = "Prentice-Hall"}
@string{PLNM = "Plenum Press"}
@string{PUF = "Presses Universitaires de France"}
@string{PWN = "PWN --- Polish Scientific Publishers"}
@string{PUP = "Princeton University Press"}
@string{QU = "Queen's University"}
@string{SECM = "S{\'e}cretariat Math{\'e}matique"}
@string{SSCHU = "Simon \& Schuster"}
@string{SV = "Springer-Verlag"}
@string{TE = "Teubner"}
@string{UCP = "University of Chicago Press"}
@string{UNC = "Univ. North Carolina Press"}
@string{UTP = "Univ. Toronto Press"}
@string{WS = "World Scientific"}
@string{WSP = "World Scientific"}
%
%%%%%%%%%%%%%%%% Journals %%%%%%%%%%%%%%%%%%%%%%
%
% check consistency with serials.pdf
%
@string{AA = "Acta Arith."}
@string{AAECC = "Appl. Alg. Eng. Comm. Comp."}
@string{AAM = "Adv. in Appl. Math."}
@string{AAMS = "Abstracts Amer. Math. Soc."}
@string{AAP = "Ann. Appl. Prob."}
@string{AAPNL = "Atti Accad. Pontificia Nuovi Lincei"}
@string{AASF = "Ann. Acad. Sci. Fenn."}
@string{ABWG = "Abhandlungen der Braunschweigischen Wissenschaftlichen Gesellschaft"}
@string{AC = "Ars Combin."}
@string{ACSC = "Austral. Comput. Sci. Commun."}
@string{ACB = "Austral. Comput. Bull."}
@string{ACHA = "Appl. Comput. Harmon. Anal."}
@string{ACM-TOG = "ACM Transactions on Graphics"}
@string{ACTALSS = "Acta Lit. Sci. (Szeged)"}
@string{ACTAM = "Acta Math."}
@string{ACTAMH = "Acta Math. Hung."}
@string{ACTAMS = "Acta Math. Sinica"}
@string{ACTASM = "Acta Scientiarum Mathematicarum"}
@string{ACY = "Acta Cybernetica"}
@string{ADM = "Ann. Disc. Math."}
@string{ADVM = "Adv. Math."}
@string{AEM = "Aequationes Math."}
@string{AFAS = "Assoc. {Fran\c caise} pour l'Avancement des Sciences; Comptes Rendus"}
@string{AFST = "Ann. Fac. Sci. Toulouse"}
@string{AHC = "Ann. Hist. Comput."}
@string{AI = "Acta Informatica"}
@string{AIFG = "Ann. Inst. Fourier (Grenoble)"}
@string{AIHP = "Ann. Inst. Henri {Poincar\'e}"}
@string{AIM = "Advances in Math."}
@string{AFN = "Applications of Fibonacci numbers"}
@string{AJC = "Australasian J. Combinat."}
@string{AJM = "Amer. J. Math."}
@string{AKGWG = "Abhandlungen der K{\"o}niglichen Gesellschaft der
		 Wissenschaften zu G{\"o}ttingen"}
@string{AL = "Algorithmica"}
@string{ALC = "Algebra Colloq."}
@string{AM = "Ann. Math."}
@string{AMAF = "Arkiv f{\"o}r Matematik, Astronomi och Fisik"}
@string{AMAI = "Ann. Math. Artificial Intell."}
@string{AMASH = "Acta Math. Acad. Sci. Hung."}
@string{AMSUH = "Abh. Math. Sem. Univ. Hamburg"}
@string{AML = "Appl. Math. Letters"}
@string{AMM = "Amer. Math. Monthly"}
@string{AMN = "Archiv for Mathematik og Naturvidenskab"}
@string{AMP = "Arkiv der Mathematik und Physik"}
@string{AMPA = "Ann. Mat. Pura Appl."}
@string{AMUC = "Acta Math. Univ. Comenianae"}
@string{ANMS = "Ann. Math. Stat."}
@string{ANPR = "Ann. Prob."}
@string{ANYAS = "Ann. New York Acad. Sci."}
@string{AOAW = "Anz. {\"O}sterreich. Akad. Wiss. (Math.-Natur. Kl.)"}
@string{APAL = "Ann. Pure Appl. Logic"}
@string{APLQQ = "APL Quote-Quad"}
@string{APM = "Ann. Polon. Math."}
@string{APPT = "Abstracts of the Papers Printed in the Philosophical Transactions of the
Royal Society of London"}
@string{ARAL = "Atti R. Accad. Lincei"}
@string{ARAST = "Atti R. Accad. Sc. Torino"}
@string{ARCHM = "Arch. Math. (Basel)"}
@string{ARCHMP = "Archiv der Mathematik und Physik"}
@string{ASAU = "Analele stiintifice ale Universitatii ``Al. I. Cuza'' din Iasi"}
@string{ASB = "ACM SIGSAM Bull."}
@string{ASENS = "Ann. Sci. \'Ecole Norm. Sup."}
@string{ASM = "Acta Sci. Math. (Szeged)"}
@string{ASMFUM = "Atti Sem. Mat. Fis. Univ. Modena"}
@string{ASMQ = "Ann. Sci. Math. {Qu\'ebec}"}
@string{ASSBRUX = "Ann. Soc. Sci. Bruxelles"}
@string{ASTER = "Ast{\'e}risque"}
@string{ATTTJ = "AT \& T Technical J."}
@string{AU = "Algebra Universalis"}
@string{AUCMP = "Acta. Univ. Carolinae --- Math. Phys."}
@string{AUSB = "Ann. Univ. Sci. Budapest {E\"otv\"os} Sect. Math."}
@string{AUSBSC = "Ann. Univ. Sci. Budapest., Sect. Comp."}
@string{AUTSA = "Ann. Univ. Turku. Ser. A I"}
@string{BAG = "{Beitr\"age} zur Algebra und Geometrie"}
@string{BAIS = "Bull. Acad. {Imp\'eriale} Sci. St. {P\'etersbourg}"}
@string{BAMS = "Bull. Amer. Math. Soc."}
@string{BAPS = "Bull. Acad. Polon. Sci., {S\'er.} Sci. Math. Astr. Phys."}
@string{BAUSMS = "Bull. Austral. Math. Soc."}
@string{BBMSSS = "Bull. Belg. Math. Soc. Simon Stevin"}
@string{BBMS = "Bull. Belg. Math. Soc."}
@string{BBSSMF = "Bull. Biblio. Storia Sci. Mat. Fis."}
@string{BCMS = "Bull. Calcutta Math. Soc."}
@string{BEATCS = "Bull. European Assoc. Theor. Comput. Sci."}
@string{BICA = "Bull. Inst. Combin. Appl."}
@string{BIMA = "Bull. Inst. Math. Appl."}
@string{BIT = "BIT"}
@string{BLMS = "Bull. Lond. Math. Soc."}
@string{BM = "Bibliotheca Math."}
@string{BSE = "Bulletin de la {Soci\'et\'e} d'Encouragement pour L'Industrie Nationale"}
@string{BSM = "Bull. Sci. Math."}
@string{BSMB = "Bull. Soc. Math. Belg. S{\'e}r. A"}
@string{BSMBB = "Bull. Soc. Math. Belg. S{\'er}. B"}
@string{BSMF = "Bull. Soc. Math. France"}
@string{BSRL = "Bull. Soc. Roy. {Li\'ege}"}
@string{BSTJ = "Bell System Tech. J."}
@string{BUMI = "Boll. Unione Mat. Italiana, Ser. A"}
@string{CA = "Commun. Algebra"}
@string{CACM = "Comm. ACM"}
@string{CAD = "Computer-Aided Design"}
@string{CAI = "Computers and Artificial Intelligence"}
@string{CARJM = "Caribbean J. Math."}
@string{CAS = "Computers and Security"}
@string{CASP = "Comm. Acad. Sci. Petrop."}
@string{CC = "Computational Complexity"}
@string{CD = "Computer Design"}
@string{CFB = "Centralblatt {f\"ur} Bibliothekswesen"}
@string{CG = "Computers and Graphics"}
@string{CGIP = "Computer Graphics and Image Processing"}
@string{CHJM = "Chinese J. Math."}
@string{CHM = "Chinese Math."}
@string{CJ = "The Computer Journal"}
@string{CJM = "Canad. J. Math."}
@string{CM = "Colloq. Math."}
@string{CMA = "Comput. Math. with Appl."}
@string{CMB = "Canad. Math. Bull."}
@string{CMH = "Comment. Math. Helvetici"}
@string{CMP = "Commun. Math. Phys."}
@string{CMPSM = "Compositio Math."}
@string{CMUC = "Comment. Math. Univ. Carolinae"}
@string{CN = "Congr. Numer."}
@string{COLMJ = "College Math. J."}
@string{COMB = "Combinatorica"}
@string{COMP = "Computing"}
@string{CONM = "Contemporary Math."}
@string{CPAM = "Comm. Pure Appl. Math."}
@string{CPMF = "{\v C}asopis pro P{\u e}stov{\'an\'{\i}} Matematiky a Fysiky"}
@string{CPC = "Computer Physics Commun."}
@string{CRASP = "C. R. Acad. Sci. Paris"}
@string{CRASP2 = "C. R. Acad. Sci. Paris {S\'er.} II"}
@string{CRASPA = "C. R. Acad. Sci. Paris {S\'er.} A"}
@string{CRUXM = "Crux Math."}
@string{CUSS = "Chittagong Univ. Stud. Part II: Science"}
@string{CVGIP = "Computer Vision, Graphics, and Image Processing"}
@string{CWIQ = "CWI Quarterly"}
@string{CZMJ = "Czech. Math. J."}
@string{DEMOM = "Dem. Math."}
@string{DA = "Diskretnyi Analiz"}
@string{DAM = "Discrete Appl. Math."}
@string{DAN = "Dokl. Akad. Nauk SSSR"}
@string{DCC = "Designs, Codes and Cryptography"}
@string{DCG = "Discrete and Computational Geometry"}
@string{DGA = "Differential Geometry and its Applications"}
@string{DM = "Discrete Math."}
@string{DMJ = "Duke Math. J."}
@string{DMTCS = "Discrete Math. \& Theoret. Comput. Sci."}
@string{DP = "Digital Processes"}
@string{EIK = "Elektronische Informationsverarbeitung und Kybernetik"}
@string{EJC = "European J. Combinatorics"}
@string{ELECJC = "Electronic J. Combinatorics"}
@string{ELEM = "Elem. Math."}
@string{ELETT = "Electronics Letters"}
@string{ELJC = "Electronic J. Combinatorics"}
@string{EM = "Enseign. Math."}
@string{EPL = "Europhys. Letters"}
@string{ETDS = "Ergod. Th. \& Dynam. Sys."}
@string{EXM = "Exposition. Math."}
@string{EXPM = "Experimental Math."}
@string{FFA = "Finite Fields Appl."}
@string{FI = "Fund. Inform."}
@string{FM = "Fundamenta Math."}
@string{FOM = "Forum Math."}
@string{FQ = "Fibonacci Quart."}
@string{GC = "Graphs and Combinatorics"}
@string{GDM = "Gazette des {Math\'ematiciens}"}
@string{GMJ = "Glasgow Math. J."}
@string{GN = "{G\"ottinger} Nachrichten"}
@string{HJM = "Houston J. Math."}
@string{HM = "Historia Mathematica"}
@string{HPA = "Helv. Phys. Acta"}
@string{IAN = "Izv. Akad. Nauk SSSR."}
@string{IBMJ = "IBM J. Res. Develop."}
@string{IBMSJ = "IBM Systems J."}
@string{IC = "Inform. Comput."}
@string{ICTRL = "Inform. Control"}
@string{IEE-ECS = "IEE J. Electronic Circuits and Systems"}
@string{IEEE-CGA = "IEEE Comput. Graphics Applic."}
@string{IEEE-COMP = "IEEE Computer"}
@string{IEEE-JSAC = "IEEE J. Selected Areas Commun."}
@string{IEEE-EC = "IEEE Trans. Elect. Comput."}
@string{IEEE-IT = "IEEE Trans. Inform. Theory"}
@string{IEEE-PAMI = "IEEE Trans. Pattern Analysis \& Machine Intell."}
@string{IEEE-TC = "IEEE Trans. Comput."}
@string{IEEE-TCO = "IEEE Trans. Commun."}
@string{IEEE-TCS = "IEEE Trans. Circ. Syst."}
@string{IEEE-TEC = "IEEE Trans. Electr. Comput."}
@string{IEEP = "IEE Proceedings"}
@string{IHES = "Publ. Math. IHES"}
@string{IJAC = "Internat. J. Algebra Comput."}
@string{IJBC = "Internat. J. Bifur. Chaos Appl. Sci. Engrg."}
@string{IJCM = "Internat. J. Comput. Math."}
@string{IJE = "Internat. J. Electronics"}
@string{IJFCS = "Internat. J. Found. Comp. Sci."}
@string{IJM = "Illinois J. Math."}
@string{IJMMS = "Internat. J. Math. \& Math. Sci."}
@string{IJMPB = "Internat. J. Modern Phys. B"}
@string{IJPAM = "Indian J. Pure Appl. Math."}
@string{IMRN = "Intl. Math. Research Notices"}
@string{INFC = "Information and Control"}
@string{INFOR = "INFOR (Information Systems and Operational Research)"}
@string{INJM = "Indian J. Math."}
@string{INVM = "Inventiones Math."}
@string{IM = "Indag. Math."}
@string{IPL = "Inform. Process. Lett."}
@string{IPM = "Inform. Process. Manag."}
@string{IRANSM = "Izv. Ross. Akad. Nauk Ser. Mat."}
@string{IRE-IT = "IRE Trans. Info. Theory"}
@string{IRE-TEC = "IRE Trans. Electron. Comput."}
@string{ISJM = "Israel J. Math."}
@string{IUMJ = "Indiana Univ. Math. J."}
@string{JALG = "J. Algebra"}
@string{JA = "J. Algorithms"}
@string{JACM = "J. Assoc. Comput. Mach."}
@string{JALC = "J. Automata, Languages, and Combinatorics"}
@string{JAMS = "J. Amer. Math. Soc."}
@string{JAMSA = "J. Austral. Math. Soc. Ser. A"}
@string{JAMSB = "J. Austral. Math. Soc. Ser. B"}
@string{JAR = "J. Automated Reasoning"}
@string{JAUSMS = "J. Austral. Math. Soc."}
@string{JC = "J. Cryptology"}
@string{JCAM = "J. Comput. Appl. Math."}
@string{JCMCC = "J. Combin. Math. Combin. Comput."}
@string{JCOMP = "J. Complexity"}
@string{JCP = "J. Comput. Phys."}
@string{JCSIUT  = "Journal of the College of Science, Imperial 
		   University of Tokyo"}
@string{JCSS = "J. Comput. System Sci."}
@string{JCTA = "J. Combin. Theory. Ser. A"}
@string{JDAM = "J. {d'Analyse} Math."}
@string{JDMV = "Jahres. Deutscher Math.-Verein."}
@string{JDP = "J. de Physique"}
@string{JEPOLY = {J. {\'E}cole Polytechnique}}
@string{JFI = "J. Franklin Inst."}
@string{JFRAM = {J. Reine Angew. Math.}}
@string{JFRANK = "J. Franklin Inst."}
@string{JFSUT = "J. Fac. Sci. Univ. Tokyo"}
@string{JIMCS = "J. Inst. Math \& Comp. Sci. (Math. Ser.)"}
@string{JIMS = {J. Indian Math. Soc.}}
@string{JIOS = "J. Info. Optim. Sci."}
@string{JIP = "J. Information Processing"}
@string{JIPC = "J. Inf. Process. Cybern. EIK"}
@string{JIS = "J. Integer Sequences"}
@string{JJM = "Japanese J. Math."}
@string{JLMS = "J. London Math. Soc."}
@string{JMAA = "J. Math. Anal. Appl."}
@string{JMP = "J. Math. Phys."}
@string{JMPA = "J. Math. Pures Appl."}
@string{JMSJ = "J. Math. Soc Japan"}
@string{JNT = "J. Number Theory"}
@string{JOSA = "J. Optical Soc. Amer."}
@string{JP = "J. Physique"}
@string{JPAA = "J. Pure Appl. Algebra"}
@string{JPAMG = "J. Phys. A:  Math. Gen."}
@string{JPCM = "J. Phys.: Condens. Matter"}
@string{JPDC = "J. Parallel Distrib. Comput."}
@string{JPI = "J. Physique I"}
@string{JPSJ = "J. Physical Soc. Japan"}
@string{JRM = "J. Recreational Math."}
@string{JRNBS = "J. Res. Nat. Bur. Standards"}
@string{JS = "J. Supercomputing"}
@string{JSC = "J. Symbolic Comput."}
@string{JSIAM = "J. Soc. Indust. Appl. Math."}
@string{JSL = "J. Symbolic Logic"}
@string{JSP = "J. Statist. Phys."}
@string{JTNB = "J. {Th\'eorie} Nombres Bordeaux"}
@string{JUCS = "J. Universal Comput. Sci."}
@string{KDVSS  = "Kongelige Danske Videnskabernes Selskabs Skrifter
		       (Naturvidenskabelig og Matematisk Afdeling)"}
@string{KIB = "Kibernetika"}
@string{KMSR = "Kodai Math. Sem. Report"}
@string{KYBER = "Kybernetika"}
@string{LAA = "Linear Algebra and Its Applications"}
@string{LIM = "L'Interm\'ediaire Math."}
@string{LINGUISTICS="Comput. Linguist."}
@string{LITP = "Rapp. Tec. Lab. Info. Theor. Prog."}
@string{LMA = "Lin. Mult. Alg."}
@string{LMP = "Lett. Math. Phys."}
@string{MA = "Math. Annalen"}
@string{MANMATH = "Manuscripta Math."}
@string{MAPNL = "Mem. Accad. Pontificia Nuovi Lincei"}
@string{MATH = "Mathematika"}
@string{MATHMED = "Math. Medley"}
@string{MATHSCAND = "Math. Scand."}
@string{MATHSCI = "Math. Scientist"}
@string{MATYC = "MATYC Journal"}
@string{MBERLIN = "Monatsberichte der K{\"o}niglichen Preussischen 
		   Akademie der Wissenschaften zu Berlin"}
@string{MC = "Math. Comp."}
@string{MCM = "Mathematical and Computer Modelling"}
@string{MESSM = "Messenger Math."}
@string{MG = "Math. Gazette"}
@string{MI = "Math. Intelligencer"}
@string{MJ = "Mathematica Journal"}
@string{MJAP = "Math. Japonica"}
@string{MJOU = "Math. J. Okayama Univ."}
@string{MLAPOK = "Mat. Lapok"}
@string{MM = "Math. Mag."}
@string{MMAG = "Math. Mag."}
@string{MMATH = "Monatsh. Math."}
@string{MMGH = "Mitt. Math. Ges. Hamburg"}
@string{MMJ = "Michigan Math. J."}
@string{MMP = "Monatsh. Math. Phys."}
@string{MN = "Math. Notes"}
@string{MNACH = "Math. Nachrichten"}
@string{MNB = "Mathematisch-Naturwissenschaftliche {Bl\"atter}"}
@string{MOR = "Math. Oper. Research"}
@string{MPCPS = "Math. Proc. Cambridge Phil. Soc."}
@string{MPETE = "Mem. Imp. Acad. Sci. St.-P{\'e}tersbourg"}
@string{MQET ="Mathematical Questions and Solutions from the 
	       Educational Times"} 
@string{MS = "Mat. Sbornik"}
@string{MSHAM = "Mat. Sem. Univ. Hamburg"}
@string{MSL = "Math. Slovaca"}
@string{MST = "Math. Systems Theory"}
@string{MSTUD = "Math. Student"}
@string{MT = "Math. Teacher"}
@string{MTAC = "Math. Tables Aids Comput."}
@string{MTECH = "MapleTech"}
@string{MTN = "Maple Technical Newsletter"}
@string{MV = "Mat. Vesnik"}
@string{MZ = "Math. Zeitschrift"}
@string{MZA = "Mat. Zametki"}
@string{NAM = "Nouvelles Annales de {Math\'ematiques}"}
@string{NAMS = "Notices Amer. Math. Soc."}
@string{NAS = "Proc. Nat. Acad. Sci. U. S. A."}
@string{NAVW = "Nieuw Archief voor Wiskunde"}
@string{NCM = "Nouv. Corresp. Math."}
@string{NDJFL = "Notre Dame J. Formal Logic"}
@string{NCASP = "Novi Comm. Acad. Sci. Petrop."}
@string{NJMGTA = "Nova J. Math. Game Theory Algebra"}
@string{NM = "Numer. Math."}
@string{NMT = "Nordisk Mat. Tidskr."}
@string{NTAP = "Number Theory and Physics"}
@string{NYJM = "New York J. Math."}
@string{NZMM = "New Zealand Math. Mag."}
@string{OAW = "{\"Oster.} Akad. Wiss. Math.-naturw. Klasse"}
@string{OJM = "Osaka J. Math."}
@string{OKDVSF = "Oversigt over det Kongelige Danske Videnskabernes
		  Selskabs Forhandlinger"}
@string{OPT = "Optimization"}
@string{PAMS = "Proc. Amer. Math. Soc."}
@string{PARL = "Pattern Recog. Letters"}
@string{PC = "Parallel Computing"}
@string{PCPS = "Proc. Cambridge Phil. Soc."}
@string{PEMS = "Proc. Edinburgh Math. Soc."}
@string{PHT = "Philosophical Transactions"}
@string{PHYA = "Physica A"}
@string{PHYD = "Physica D"}
@string{PHYE = "Physica E"}
@string{PIASA = "Proc. Indian Acad. Sci. A"}
@string{PIM = "Publ. Inst. Math. (Beograd)"}
@string{PIT = "Problems Inform. Transmission"}
@string{PJA = "Proc. Japan Acad."}
@string{PJAA = "Proc. Japan Acad. Ser. A"}
@string{PJM = "Pacific J. Math."}
@string{PJR = "Philips J. Res."}
@string{PK = "Problemy Kibernetiki"}
@string{PKAWA = "Proc. Konin. Akad. Wetenschappen, Amsterdam"}
@string{PKNAW = "Proc. Konin. Neder. Akad. Wet."}
@string{PKNAWA = "Proc. Konin. Neder. Akad. Wet. Ser. A"}
@string{PLA = "Physics Letters A"}
@string{PLMS = "Proc. Lond. Math. Soc."}
@string{PM = "Portugal. Math."}
@string{PMAG = "Philosophical Magazine"}
@string{PMAT = "Prace Mat."}
@string{PMD = "Publ. Math. (Debrecen)"}
@string{PMH = "Period. Math. Hung."}
@string{PNAS = "Proc. Nat. Acad. Sci. U. S. A."}
@string{PPI = "Problemy Peredachi Informatsii"}
@string{PR = "Phys. Reports"}
@string{PRA = "Phys. Rev. A"}
@string{PRB = "Phys. Rev. B"}
@string{PRE = "Phys. Rev. E"}
@string{PRL = "Phys. Rev. Lett."}
@string{PRSE = "Proc. Roy. Soc. Edinburgh"}
@string{PRSL = "Proc. Roy. Soc. London"}
@string{PSAM = "Proc. Symp. Appl. Math."}
@string{PSPM = "Proc. Symp. Pure Math."}
@string{PSIM = "Proc. Steklov Inst. Math."}
@string{PT = "Phase Transitions"}
@string{QJM = "Quart. J. Math."}
@string{QJMAM = "Quart. J. Mech. Appl. Math."}
@string{QJMOX = "Quart. J. Math. Oxford"}
@string{QJPAM = "Quart. J. Pure Appl. Math."}
@string{QPPAM = "Queen's Papers in Pure and Applied Math."}
@string{QSGMAP = "Quel. Stud. Ges. Math. Astron. Phys."}
@string{RAE = "Real Analysis Exch."}
@string{RAIRO = "RAIRO Inform. Th\'eor. App."}
@string{RCD = "Random \& Comput. Dynamics"}
@string{RCMP = "Rend. Circ. Mat. Palermo"}
@string{RESM = "Result. Math."}
@string{RJ = "Ramanujan J."}
@string{RM = "Ricerche Mat."}
@string{RMJM = "Rocky Mountain J. Math."}
@string{RMP = "Reviews in Mathematical Physics"}
@string{RMS = "Russian Math. Surveys"}
@string{RMUP = "Riv. Mat. Univ. Parma"}
@string{RNAPOLI = "Rend. Accad. Sci. Fis. Mat. Napoli"}
@string{RPALERMO = "Rend. Circ. Mat. Palermo"}
@string{RRMPA = "Rev. Roumaine Math. Pures Appl."}
@string{RSMFM = "Rend. Sem. Mat. Fis. Milano"}
@string{RSMUP = "Rend. Sem. Mat. Univ. Padova"}
@string{RSTRUCT = "Random Structures and Algorithms"}
@string{RUMA = "Rev. Un. Mat. Argentina"}
@string{SA = "Scientific American"}
@string{SAM = "Stud. Appl. Math."}
@string{SBA = "Sitzungsber. Berlin Akad."}
@string{SCIM = "Scientific Monthly"}
@string{SCIR = "Sci. Record"}
@string{SCISIN = "Scientia Sinica"}
@string{SCP = "Sci. Comput. Programming"}
@string{SDPP = "{S\'eminaire} Delange-Pisot-Poitou"}
@string{SF = "Semigroup Forum"}
@string{SHAS = "Sitz. Heidelberger Akad. Wiss. (Mat.-Natur. Kl.)"}
@string{SIAMJADM = "SIAM J. Algebraic Discrete Methods"}
@string{SIAMJAM = "SIAM J. Appl. Math."}
@string{SIAMJC = "SIAM J. Comput."}
@string{SIAMJDM = "SIAM J. Disc. Math."}
@string{SIAMR = "SIAM Review"}
@string{SIGACT = "SIGACT News"}
@string{SJM = "Siberian J. Math."}
@string{SLC = "{S\'em.} Lothar. Combin."}
@string{SM = "Scripta Math."}
@string{SMZ = "Sibirskii Matematicheskii Zhurnal"}
@string{SOE = "Sphinx-Oedipe"}
@string{SOOJM = "Soochow J. Math."}
@string{SPAW = "Sitzungsberichte der Preussischen Akademie der Wissenschaften, Phys.-Math. Klasse"}
@string{SPD = "Soviet Phys. Dokl."}
@string{SS = "Simon Stevin"}
@string{SSC = "Solid State Commun."}
@string{SSMH = "Stud. Sci. Math. Hung."}
@string{STM = "Studia Math."}
@string{STNB = "{S\'eminaire} de {Th\'eorie} des Nombres de Bordeaux"}
@string{SWJPAM = "Southwest J. Pure Appl. Math."}
@string{TAMS = "Trans. Amer. Math. Soc."}
@string{TCJ = "Computer J."}
@string{TCPS = "Trans. Cambridge Philos. Soc."}
@string{TCS = "Theoret. Comput. Sci."}
@string{THCS = "Theory Comput. Systems"}
@string{TIA = "Theor. Inform. Appl."}
@string{TJM = "Tokyo J. Math."}
@string{TR = "Technology Review"}
@string{TST = "The Science Terrapin"}
@string{TOPLAS = "ACM Trans. Prog. Lang. Syst."}
@string{TYCMJ = "Two-Year College Math. J."}
@string{UM = "Utilitas Mathematica"}
@string{UMZ = "Ukrainskii Matematicheskii Zhurnal"}
@string{UMNAUK = "Uspekhi. Mat. Nauk"}
@string{VC = "Visual Computer"}
@string{VKCSN = "V{\v e}stn{\'i}k Kr{\'a}lovsk{\'e} {\v C}esk{\'e} 
                 Spole{\v c}nosti Nauk, T{\v r}{\'i}da 
                 Matematiko-P{\v r}irodov{\v e}deck{\' a}"}
@string{ZAMM = "Z. Angew. Math. Mech."}
@string{ZMLGM = "Zeitschrift {f\"ur} mathematische Logik und Grundlagen der Mathematik"}
@string{ZMP = "Z. Math. Phys."}
@string{ZOR = "Zeitschrift {f\"ur} Operations Research"}
@string{ZPSK = "Z. Phonetik. Sprachwiss. Kommuniationsforsch."}
@string{ZVMIMF = "\v Z. Vy\v cisl. Mat. i Mat. Fiz."}
@string{ZW = "Z. Wahrscheinlichkeitstheorie und Verw. Gebiete"}
@string{ZWVG = "Z. Wahrscheinlichkeitstheorie und Verw. Gebiete"}
%
%%%%%%%%%%%%%%% Preamble %%%%%%%%%%%%%%%%
%
@preamble{ "\newcommand{\noopsort}[1]{} "
	# "\newcommand{\singleletter}[1]{#1} " 
        # "\newcommand{\etal}{et al.} "}



