@article{BrSr11,
author = {Lutz Str{\"u}ngmann and G{\'a}bor Braun},
title = {Finite automata presentable Abelian groups},
journal = {Journal of Algebra and Computation},
year = {to appear},
}

@article {Rubi08,
    AUTHOR = {Rubin, Sasha},
     TITLE = {Automata presenting structures: a survey of the finite string case},
   JOURNAL = {Bull. Symbolic Logic},
  FJOURNAL = {Bulletin of Symbolic Logic},
    VOLUME = {14},
      YEAR = {2008},
    NUMBER = {2},
     PAGES = {169--209},
}


@article{KuLo10,
  author    = {Dietrich Kuske and Markus Lohrey},
  title     = {Some natural decision problems in automatic graphs},
  journal   = {J. Symb. Log.},
  volume    = {75},
  number    = {2},
  year      = {2010},
  pages     = {678-710},
  }
  
@inproceedings{KLL10CSL,
  author    = {Dietrich Kuske and Jiamou Liu and Markus Lohrey},
  title     = {The Isomorphism Problem for {\it omega}-Automatic Trees},
  booktitle = {CSL},
  year      = {2010},
  pages     = {396-410},
}

@inproceedings{KLL10LICS,
  author    = {Dietrich Kuske and
               Jiamou Liu and
               Markus Lohrey},
  title     = {The Isomorphism Problem on Classes of Automatic Structures},
  booktitle = {LICS},
  year      = {2010},
  pages     = {160-169},
  }
  
@techreport{MiOz02,
    author = {Christian Michaux and Adem Ozturk},
    title = {Quantifier Elimination following Muchnik },
    year = {2002},
     institution = {Université de Mons-Hainaut},
     number = {10},
     }

Institut de Mathématique
}

@article{Robi58,
AUTHOR = {Robinson, Raphael M.},
     TITLE = {Restricted set-theoretical definitions in arithmetic},
   JOURNAL = {Proc. Amer. Math. Soc.},
  FJOURNAL = {Proceedings of the American Mathematical Society},
    VOLUME = {9},
      YEAR = {1958},
     PAGES = {238--242},
}

@PhdThesis{Frat05, 
author = "S. Fratani",
title = "Automates à piles de piles ... de piles",
school = "Bordeaux",
year = "2005",
}

@incollection{Rabi77,
title = "Decidable Theories",
editor = "Jon Barwise",
booktitle = "HANDBOOK OF MATHEMATICAL LOGIC",
publisher = "Elsevier",
year = "1977",
volume = "90",
pages = "595 - 629",
series = "Studies in Logic and the Foundations of Mathematics",
issn = "0049-237X",
doi = "DOI: 10.1016/S0049-237X(08)71116-9",
url = "http://www.sciencedirect.com/science/article/B8GY3-4V8RN4F-Y/2/ac17ae56d98f6a95fd409e238c26fb50",
author = "Michael O. Rabin"
}


@article{KhMi08,
       Author = {B. Khoussainov and M. Minnes},
       Journal = {Annals of Pure and Applied Logic},
       Title = {Model Theoretic Complexity of Automatic Structures},
       Year = {To appear, 2008}},

@article{Shel75,
author ="S. Shelah",
title = "The monadic theory of order",
journal = "Annals of Mathematics",
vol = "102",
issue = "3",
pages = "349-419",
year = "1975",
}

@book{EbFl95,
author = "H.D. Ebbinghaus and J. Flum",
title = "Finite Model Theory",
series = "Perspectives in Mathematical Logic",
publisher = "Springer",
year = "1995",
}

@article{Pres29,
author = "M. Presburger",
year = "1929",
title = "{\"U}ber die Vollst{\"a}ndigkeit eines gewissen Systems der Arithmetik ganzer
 Zahlen, in welchem die Addition als einzige Operation hervortritt",
 journal = "Comptes Rendus du I congr{\`e}s de Mathématiciens des Pays Slaves. Warszawa: 92–101",
}

@inproceedings{Dauc93,
  author    = {Max Dauchet},
  title     = {Rewriting and Tree Automata},
  booktitle = {Term Rewriting},
  year      = {1993},
  pages     = {95-113},
}

@Article{Bes08,
author = "B\`{e}s, Alexis",
title = "AN APPLICATION OF THE FEFERMAN-VAUGHT THEOREM TO AUTOMATA AND LOGICS FOR WORDS OVER AN INFINITE ALPHABET",
journal = "Logical Methods in Computer Science",
volume = "4",
issue = "1",
year = "2008",
pages = "1--23",
}

@article{FiTo10,
author = "Finkel, Olivier and Todor\v{c}evi\'{c}, Stevo",
title = "The isomorphism relation between tree-automatic Structures",
journal = "Central European Journal of Mathematics",
volume = "8",
issue = "2",
year = "2010",
pages = "299--313",
}

@Inbook{AutoMathLoding, 
 author = "C. L{\"o}ding",
 title = "Automata on infinite trees",
 booktitle = "Automata: from Mathematics to Applications",
 chapter = "X",
 pages = "xx-xx",
  year = "xxxx",
 publisher = "EMS",
}

@article{CaTo02,
 author = {Carton, Olivier and Thomas, Wolfgang},
 title = {The monadic theory of morphic infinite words and generalizations},
 journal = {Inf. Comput.},
 volume = {176},
 number = {1},
 year = {2002},
 issn = {0890-5401},
 pages = {51--65},
 publisher = {Academic Press, Inc.},
 }

@inproceedings{RaTh06,
  author    = {Alexander Moshe Rabinovich and
               Wolfgang Thomas},
  title     = {Decidable Theories of the Ordering of Natural Numbers with
               Unary Predicates},
  booktitle = {CSL},
  year      = {2006},
}  

@article{Rabi10,
author = {Alexander Rabinovich},
title = {The full binary tree cannot be interpreted in a chain},
year = {2010},
journal = {Journal of symbolic logic},
volume = {75},
issue = {4},
pages = {1489--1498},
}

@MISC{rabinovich07,
    author = {Alexander Rabinovich},
    title = {On decidability of monadic logic of order over the naturals extended by monadic predicates},
    year = {2007}
}
@article{Drie88,
     title = {Alfred Tarski's Elimination Theory for Real Closed Fields},
     author = {Dries, Lou van den},
     journal = {The Journal of Symbolic Logic},
     volume = {53},
     number = {1},
     pages = {7--19},
     year = {1988},
     publisher = {Association for Symbolic Logic},    
    }
        
@misc{Tars51,
title = {A Decision Method for Elementary Algebra and Geometry},
author = {Alfred Tarski},
year = {1951},
publisher = {University of California Press},
}

@Inproceedings{AsNe81, 
author = "C.J. Ash and A. Nerode",
title = "Intrinsically recursive relations",
booktitle = "Aspects of effective algebra \text{(Clayton, $1979$)}",
pages="26--41",
publisher = "Upside Down A Book Co. Yarra Glen",
year = "1981",
}

@PhdThesis{Bara07, 
author = "V. B{\'a}r{\'a}ny",
title = "Automatic Presentations of Infinite Structures",
school = "RWTH Aachen",
type = "Phd Thesis",
year = "2007",
}

@InProceedings{Bara06, 
author = "V. B{\'a}r{\'a}ny",
title = "Invariants of automatic presentations and semi-synchronous transductions",
booktitle = "Proceedings of the 23rd Annual Symposioum on Theoretical Aspects of Computer Science, STACS 2006",
pages = "289--300",
year = "2006",
}

@Misc{BR, 
author = "V. B{\'a}r{\'a}ny and S. Rubin",
title = "There exists continuum many preserves regularity on $\omega$-trees",
year = "2007",
}

@book{Bers79, 
AUTHOR = {Berstel, Jean},
TITLE = {Transductions and context-free languages},
SERIES = {Leitf\"aden der Angewandten Mathematik und Mechanik [Guides to
Applied Mathematics and Mechanics]},
VOLUME = {38},
PUBLISHER = {B. G. Teubner},
ADDRESS = {Stuttgart},
YEAR = {1979},
PAGES = {278},
ISBN = {3-519-02340-7},
}

@article{BeLiNe07,
author = "M. Benedikt and L. Libkin and F. Neven",
title = "Logical definability and query languages over ranked and unranked trees",
journal = "ACM Transactions on Computational Logic",
year = "2007",
Volume = "8",
Number = "2",
}

@InProceedings{BeLi02, 
 author = "M. Benedikt and L. Libkin",
 title = "Tree extension algebras: logics, automata, and query languages",
 pages = "203--212",
 booktitle = "Proceedings of the 17th Annual {IEEE} Symposium on
 Logic in Computer Science {\sc (LICS)}",
 year = "2002", 
}



@inproceedings{BKRa,
author = "V. B{\'a}r{\'a}ny and L. Kaiser and A. Rabinovitch",
title = {Cardinality Quantifiers in {MLO} over Trees},
booktitle = {Computer Science Logic},
year = {2009},
pages = "117--131",
}
    

@article{BJW93,
  author    = {P. T. Bateman and C. G. Jockusch Jr. and  A. R. Woods},
  title     = {Decidability and Undecidability of Theories 
               with a Predicate for the Primes.},
  journal   = {J. Symb. Log.},
  volume    = {58},
  number    = {2},
  year      = {1993},
  pages     = {672-687},
}

@Inproceedings{Tsan09,
author = "Todor Tsankov",
title = "The additive group of the rationals does not have an automatic presentation",
year = "2009",
booktitle = "Logic Colloquium",
}

@article{Tsan11,
author = "Todor Tsankov",
title = "The additive group of the rationals does not have an automatic presentation",
journal = "Journal of Symbolic Logic",
year = "to appear",
}

@InProceedings{BKRu08, 
author = "V. B{\'a}r{\'a}ny and L. Kaiser and S. Rubin",
title = "Cardinality and counting quantifiers on omega-automatic structures",
year = "2008",
booktitle = "STACS '08: Proceedings of the 25th Annual Symposium on Theoretical Aspects of Computer Science", 
}

@article{BLSS03,
  author    = {Michael Benedikt and
               Leonid Libkin and
               Thomas Schwentick and
               Luc Segoufin},
  title     = {Definable relations and first-order query languages over
               strings},
  journal   = {J. ACM},
  volume    = {50},
  number    = {5},
  year      = {2003},
  }


@InProceedings{BLSS01, 
 author = "M. Benedikt and L. Libkin and T. Schwentick and L. Segoufin",
 title = "A {Model-Theoretic} Approach to Regular String Relations",
 pages = "431--440",
 booktitle = "Proceedings of the 16th Annual {IEEE} Symposium on
 Logic in Computer Science {\sc (LICS)}",
 year = "2001", 
}

@Article{Benn73, 
 author = "C. H. Bennett",
 title = "Logical Reversibility of Computation",
 journal = "IBM Journal of Research and Development",
 volume = "17",
 number = "6",
 pages = "525--532",
 month = nov,
 year = "1973",
}

@incollection{BCL07,
  author    = {A. Blumensath and Th. Colcombet and Ch. L{\"o}ding},
  title     = {Logical theories and compatible operations},
  booktitle = {Logic and Automata: History and Perspectives},
  editor    = {J. Flum and E. Gr{\"a}del and T. Wilke},
  series    = {Texts in Logic and Games},
  pages     = {73-106},
  year      = {2007},
  publisher = {Amsterdam University Press},
}

@PhdThesis{Blum99, 
author = "A. Blumensath",
title = "Automatic Structures",
school = "RWTH Aachen",
type = "Diploma Thesis",
year = "1999",
}

@inproceedings{Blum02,
author = {A. Blumensath}, 
title = {Axiomatising Tree-Interpretable Structures}, 
booktitle = {Proceedings of the 19th Annual Symposium on
	Theoretical Aspects of Computer Science (STACS)}, 
year = {2002}, 
pages = {596--607}, 
publisher = {Springer-Verlag}, 
}

@TECHREPORT{Blum01, 
AUTHOR = {A. Blumensath},
TITLE = {Prefix-Recognisable Graphs and Monadic Second-Order Logic},
INSTITUTION = {RWTH Aachen},
YEAR = {2001},
}

@InProceedings{BlGr00, 
 author = "A. Blumensath and E. Gr{\"a}del",
 title = "Automatic Structures",
 pages = "51--62",
 booktitle = "15th Symposium on Logic in Computer Science {\sc (LICS)}",
 year = "2000",
}

@ARTICLE{BlGr04, 
 AUTHOR = {A. Blumensath and E. Gr{\"a}del},
 TITLE = {Finite Presentations of Infinite Structures: Automata and Interpretations},
 JOURNAL = {Theory of Computing Systems},
 PUBLISHER = {Springer-Verlag},
 YEAR = {2004},
 VOLUME = {37},
 PAGES = {641 -- 674},
}

@InProceedings{BlGr02, 
 author = "A. Blumensath and E. Gr{\"a}del",
 title = "Finite Presentations of infinite structures : Automata and Interpretations",
 booktitle = "Proceedings of the 2nd International Workshop on Complexity in Automated Deduction
	 {\sc (CIAD)}",
 year = "2002",
}

@article{Bruy84, 
	author = "V. Bruy{\`e}re",
	title = "Entiers et automates finis",
	publisher = "U.E Mons",
	note = "m{\'e}moire de license en math{\'e}matiques",
	year = "1984--1985",
}

@article{BHMCV94, 
    AUTHOR = "V. Bruy{\`e}re and G. Hansel and C. Michaux
              Christian and R. Villemaire",
     TITLE = "Logic and {$p$}-recognizable sets of integers",
      NOTE = "Journ\'ees Montoises {\text (Mons, 1992)}",
   JOURNAL = "Bulletin of the Belgian Mathematical Society. Simon Stevin.",
    VOLUME = "1",
      YEAR = "1994",
    NUMBER = "2",
     PAGES = "191--238",
}

@article{Buch60, 
    AUTHOR = {J.R. B{\"u}chi},
     TITLE = {Weak second-order arithmetic and finite automata},
   JOURNAL = {Z. Math. Logik Grundlagen Math.},
    VOLUME = {6},
      YEAR = {1960},
     PAGES = {66--92},
}

@article{Buch62, 
author = {J.R. B{\"u}chi},
title = {On a decision method in restricted second order arithmetic},
journal = {Logic, Methodology and Philosophy of Science \text{(Proc. $1960$ Internat. Congr)}},
year = {1962},
pages = {1--11},
publisher = {Stanford University Press},
}

@article{Cann84, 
author = "J.W. Cannon",
title ="The combinatorial structure of cocompact discrete hyperbolic groups",
journal = "Geometriae Dedicata (Historical Archive)",
volume = "16",
number = "2",
year = "1984",
pages = "123--148",
}

@inproceedings{Cauc02,
    AUTHOR = {Caucal, Didier},
     TITLE = {On infinite terms having a decidable monadic theory},
 BOOKTITLE = {Mathematical foundations of computer science 2002},
    SERIES = {Lecture Notes in Comput. Sci.},
    VOLUME = {2420},
     PAGES = {165--176},
 PUBLISHER = {Springer},
   ADDRESS = {Berlin},
      YEAR = {2002},
}

 
@PhdThesis{Colc04,
author = "T. Colcombet",
title = "Properties and representation of infinite structures",
school = "University of Rennes I",
year = "2004",
}
		
@misc{CoLo06, 
author = "T. Colcombet and C. L{\"o}ding",
title = "Transforming structures by set interpretations",
note = "Technical report AIB-$2006$-$07$ of RWTH Aachen",
year = "2006",
}

@article{CoLo07,
  AUTHOR      = {T. Colcombet and C. L\"oding},
  TITLE       = {Transforming structures by set interpretations},
  journal     = {Logical Methods in Computer Science}, 
  volume      = {3},
  number      = {2}, 
  year        = {2007},
}

@incollection{CeRe98, 
    AUTHOR = "D. Cenzer and J.B. Remmel",
     TITLE = "Complexity-theoretic model theory and algebra",
 BOOKTITLE = "Handbook of recursive mathematics, Vol.\ 1",
    SERIES = "Studies in Logic and the Foundations of Mathematics",
    VOLUME = "138",
     PAGES = "381--513",
 PUBLISHER = "North-Holland",
   ADDRESS = "Amsterdam",
      YEAR = "1998",
}

@incollection{Chur63, 
    AUTHOR = "A. Church",
     TITLE = "Logic, arithmetic, and automata",
 BOOKTITLE = "Proceedings of the International Congress of Mathematicians \text{Stockholm, $1962$}",
     PAGES = "23--35",
 PUBLISHER = "Inst. Mittag-Leffler",
   ADDRESS = "Djursholm",
      YEAR = "1963",
}


@Article{Delh04, 
author = "C. Delhomm\'e",
title = "Automaticit\'e des ordinaux et des graphes homog\`enes", 
pages = "5--10",
journal = "Comptes Rendus Mathematique", 
volume = "339",
number = "1",
year = "2004",
}

@Misc{Delh01a, 
author = "C. Delhomm\'e",
title = "Non-automaticity of $\omega^\omega$",
year = "2001",
note = "manuscript",
}

@Misc{Delh01b, 
author = "C. Delhomm\'e",
title = "The Rado Graph is not Automatic",
note = "manuscript",
year = "2001",
} 

@Misc{DGK03, 
author = "C. Delhomm\'e and V. Goranko and T. Knapik",
title = "Automatic Linear Orderings",
year = "2003",
} 

@article{Done70, 
AUTHOR = "J. Doner", 
TITLE = "Tree acceptors and some of their applications",
JOURNAL = "Journal of Computer and System Sciences", 
VOLUME = {4}, 
YEAR = {1970}, 
PAGES = {406--451}, 
}

@Article{EES69, 
author = "S. Eilenberg and C.C. Elgot and J.C. Shepherdson",
title = "Sets Recognised by $n$--Tape Automata",
journal = "Journal of Algebra",
volume = "13",
number = "4",
year = "1969",
pages = "447-464",
}

@Book{Ende72, 
author = "H.B. Enderton",
title = "A mathematical introduction to logic",
publisher = "Academic Press",
year = "1972",
}

@Book{Ersh98, 
editor = "Ershov et al.",
title = "Handbook of Recursive Mathematics Volume 1",
series = "Studies in Logic and the foundations of Mathematics",
publisher = "Elsevier",
year = "1998",
}

@article{Elgo61, 
    AUTHOR = {C.C. Elgot},
     TITLE = {Decision problems of finite automata design and related
              arithmetics},
   JOURNAL = {Transactions of the American Mathematical Society},
    VOLUME = {98},
      YEAR = {1961},
     PAGES = {21--51},
}

@Article{ElMe65, 
 author = {C.C. Elgot and J.E. Mezei},
 title = {On Relations Defined by Generalised Finite Automata},
 journal = {IBM Journal of Research and Development},
 volume = {9},
 year  = {1965}, 
 pages = "47--68",
}

@Article{ElRa66, 
author = {C.C. Elgot and M.O. Rabin},
title = {Decidability of extensions of theory of successor},
journal = {Journal of Symbolic Logic},
volume = {31},
number = {2},
year = {1966},
pages = {169--181},
}

@article{EHR91, 
author = {D. B. A. Epstein and D. F. Holt and S. E. Rees}, 
title = {The use of Knuth-Bendix methods to solve the word problem in automatic groups},
journal = {Journal of Symbolic Computation}, 
volume = {12}, 
number = {4-5}, 
year = {1991}, 
pages = {397--414}, 
} 

@Book{CEHLPT92, 
author = "J. W. Cannon and D. B. H.  Epstein and D. F. Holt and S. V. F. Levy
	and M. S. Paterson and W. P.  Thurston", 
title = "Word processing in groups", 
publisher = "Jones and Bartlett", 
year = "1992",
}

@incollection{FiRa74, 
    AUTHOR = {M. Fischer and M.0. Rabin},
     TITLE = {Super-exponential complexity of {P}resburger arithmetic},
 BOOKTITLE = {Complexity of computation (Proc. SIAM-AMS Sympos., New York,
              1973)},
     PAGES = {27--41. SIAM-AMS Proc., Vol. VII},
 PUBLISHER = {American Mathematical Society},
      YEAR = {1974},
}

@Article{FrSa93, 
 author  = "C. Frougny and J. Sakarovitch",
 title   = "Synchronized rational relations of finite and infinite words",
 journal = "Theoretical Computer Science",
 volume  = "108",
 number  = "1",
 year    = "1993", 
 pages   = "45--82",
}

@Article{GoKn02, 
 author = "S.S. Goncharov and J.F. Knight",
 title = "Computable structure and non-structure theorems",
 journal = "Algebra and Logic",
 volume = "41",
 number = "6",
 year = "2002",
 pages = "351--373",
}

@Article{Grad90, 
 author = "E. Gr{\"a}del",
 title = "Simple interpretations among complicated theories",
 journal = "Information Processing Letters",
 volume = "35",
 number = "5",
 year = "1990",
 pages = "235--238",
}

@book{BGG97,
  author    = {Egon B{\"o}rger and
               Erich Gr{\"a}del and
               Yuri Gurevich},
  title     = {The Classical Decision Problem},
  publisher = {Springer},
  series    = {Perspectives in Mathematical Logic},
  year      = {1997},
}

@article{ELTT65,
title = "ELEMENTARY THEORIES",
author = "Yu. L. Ershov and I. A. Lavrov and A. D. Taimanov and M. A. Taitslin",
journal = "Russian Mathematical Surveys",
year = "1965",
volume = "20(4):35",
}

@incollection{Gure85,
author = "Yuri Gurevich",
title = "Monadic second-order theories",
booktitle = "Model-Theoretic Logics",
editor = "Jon Barwise and Sol Feferman",
publisher = "Springer-Verlag, Perspective in Mathematical Logic",
year = "1985",
pages = "479--506",
}


@article{GrGu98, 
AUTHOR = "E. Gr{\"a}del and Y. Gurevich",
TITLE = "Metafinite model theory",
JOURNAL = "Information and Computation",
VOLUME = "140", 
YEAR = "1998", 
NUMBER = "1", 
PAGES = "26--81", 
}

@article{Hell96, 
  author    = {L. Hella},
  title     = {Logical Hierarchies in PTIME.},
  journal   = {Information and Computation},
  volume    = {129},
  number    = {1},
  year      = {1996},
  pages     = {1-19},
}

@article{Hell89, 
AUTHOR = {L. Hella},
TITLE = {Definability hierarchies of generalized quantifiers},
JOURNAL = {Ann. Pure Appl. Logic},
FJOURNAL = {Annals of Pure and Applied Logic},
VOLUME = {43},
YEAR = {1989},
NUMBER = {3},
PAGES = {235--271},
}

@InProceedings{HKMN08,
Author = {G. Hjorth and B. Khoussainov and A. Montalb{\'a}n and A. Nies},
title  = "From automatic structures to {B}orel structures",
booktitle = "23rd Symposium on Logic in Computer Science (LICS)",
year = "2008",}

@article{NiMo11,
Author = {A. Montalb{\'a}n and A. Nies},
title = {Borel structures: a brief survey},
year = {Submitted},
}

@Book{Hodg93, 
author = "W. A. Hodges", 
title = "Model Theory", 
publisher = "Cambridge University Press", 
year = "1993",
}

@PhdThesis{Hodg76, 
author = "B.R. Hodgson",
title = "Th\'eories d\'ecidables par automate fini",
school = "University of Montr\'eal",
type = "PhD Thesis",
year = "1976",
}

@Article{Hodg83, 
 author = "B.R. Hodgson",
 title = "Decidabilite par automate fini",
 journal = "Annales de Sciences Math/'ematiques du Qu/'ebec",
 place = "Quebec",
 volume = "7",
 year = "1983",
 pages = "39--57",
}

@Article{Hodg82, 
 author = "B.R. Hodgson",
 title = "On Direct Products of Automaton Decidable Theories",
 journal = "Theoretical Computer Science",
 volume = "19",
 year = "1982",
 pages = "331--335",
}

@incollection{Holt96, 
AUTHOR = "D.F. Holt", 
TITLE = "The Warwick automatic groups software",
BOOKTITLE = "Geometric and computational perspectives on infinite groups
	(Minneapolis, MN and New Brunswick, NJ, 1994)",
SERIES = "DIMACS Ser. Discrete Math. Theoret. Comput.  Sci.",
VOLUME = "25", 
PAGES = "69--82", 
PUBLISHER = "Amer. Math. Soc.", 
YEAR = "1996",
}

@InProceedings{IKR02, 
author = "H. Ishihara and B. Khoussainov and S.  Rubin", 
title  = "Some Results on Automatic Structures", 
pages = "235--242", 
booktitle = "17th Symposium on Logic in Computer Science (LICS)", 
year = "2002",}

@Article{John86, 
 author = "J.H. Johnson",
 title = "Rational Equivalence Relations",
 journal = "Theoretical Computer Science",
 volume = "47",
 number = "1",
 pages = "39--60",
 year = "1986",
}

@Book{Kech95, 
 author = "A. Kechris",
 title = "Classical Descriptive Set Theory",
 publisher = "Springer-Verlag",
 year = "1995",
}

@Article{Klae03, 
author = "F. Klaedtke",
title = "On the automata size for Presburger Arithmetic",
journal = "Technical report No. $186$ of the Institute of Computer Science at
Freiburg University",
year = "2003",
}

@Article{KhNe95, 
 author = "B. Khoussainov and A. Nerode",
 title = "Automatic Presentations of Structures",
 journal = "Lecture Notes in Computer Science",
 volume = "960",
 pages = "367--392",
 year = "1995",
}
@Article{KNRS04, 
 author = "B. Khoussainov and A. Nies and S. Rubin and F. Stephan",
 title = "Automatic Structures: Richness and Limitations",
 pages = "0--0",
 journal= "Logical Methods in Computer Science",
 year = "2007",
 volume = "3",
 number = "2",
}

@Article{KhRu, 
author = "B. Khoussainov and S. Rubin",
title = "Some thoughts on Automatic Structures",
journal = "Journal of Automata, Languages and Combinatorics",
}

@Article{KhRu01, 
author = "B. Khoussainov and S. Rubin",
title = "Graphs with Automatic Presentations over a Unary Alphabet",
journal = "Journal of Automata, Languages and Combinatorics",
volume = "6",
number = "4",
pages = "467--480",
year = "2001",
}

@incollection{KRS04, 
author = "B. Khoussainov and S. Rubin and F. Stephan",
title = "Definability and regularity in automatic structures",
booktitle="STACS 2004",
series="LNCS",
volume = "2996",
pages = "440--451",
publisher = "Springer",
address = "Berlin",
year = "2004",
}


@Article{KRS05, 
author = "B. Khoussainov and S. Rubin and F. Stephan",
title  = "Automatic linear orders and trees",
journal = "ACM Transactions on Computational Logic (TOCL)",
volume = "6",
number = "4",
pages = "675--700",
year = "2005",
}

@article{Kuic82,
    AUTHOR = {Kuich, W.},
     TITLE = {An algebraic characterization of some principal regulated
              rational cones},
   JOURNAL = {J. Comput. System Sci.},
  FJOURNAL = {Journal of Computer and System Sciences},
    VOLUME = {25},
      YEAR = {1982},
    NUMBER = {3},
     PAGES = {377--401},
}

@article{KuUr83,
    AUTHOR = {Kuich, W. and Urbanek, F. J.},
     TITLE = {Infinite linear systems and one-counter languages},
   JOURNAL = {Theoret. Comput. Sci.},
  FJOURNAL = {Theoretical Computer Science},
    VOLUME = {22},
      YEAR = {1983},
    NUMBER = {1-2},
     PAGES = {95--126},
}

@Misc{Step02, 
author = "F. Stephan",
title  = "The random graph is not automatically presentable",
note = "manuscript",
year = "2002",
}

@Misc{KRS03, 
author = "B. Khoussainov and S. Rubin and F. Stephan",
title = "Definability and regularity in automatic presentations
of subsytems of arithmetic",
note = "CDMTCS technical report $209$, Department of Computer Science, University
of Auckland",
year = "2003",
}

@Article{KhRu03, 
author = "B. Khoussainov and S. Rubin",
title = "Automatic structures -- overview and future directions",
journal = "Journal of Automata, Languages and Combinatorics",
volume = "8",
number = "2",
pages = "287--301", 
year= "2003",
}

@incollection{Klee56, 
    AUTHOR = {Kleene, S. C.},
     TITLE = {Representation of events in nerve nets and finite automata},
 BOOKTITLE = {Automata studies},
    SERIES = {Annals of mathematics studies, no. 34},
     PAGES = {3--41},
 PUBLISHER = {Princeton University Press},
   ADDRESS = {Princeton, N. J.},
      YEAR = {1956},
}

@Book{Kopp89, 
author = "S. Koppelberg",
title = "Handbook of Boolean Algebras. Volume 1.",
publisher = "North-Holland",
year = "1989",
}

@book{KLP00, 
editor = "G.M. Kuper and L. Libkin and J. Paredaens",
title  = "Constraint Databases",
publisher = "Springer",
year      = "2000",
}

@Article{Kusk03, 
author = "D. Kuske",
title = "Is {C}antor's theorem automatic ?",
pages = "332--345",
journal = "Proceedings of the 10th International Conference on Logic for Programming, Artificial Intelligence, and Reasoning (LPAR)",
series = "Lecture notes in artificial intelligence",
volume = "2850",
year = "2003",
}

@Article{Kusk10,
  author =	{Dietrich Kuske},
  title =	{Is {R}amsey's Theorem omega-automatic?},
  journal = {27th International Symposium on Theoretical Aspects of Computer Science (STACS 2010)},
  pages =	{537--548},
  series =	{Leibniz International Proceedings in Informatics (LIPIcs)},
  ISBN =	{978-3-939897-16-3},
  ISSN =	{1868-8969},
  year =	{2010},
  volume =	{5},
}

@TechReport{KuLo05, 
    author = {D. Kuske and M. Lohrey},
    title = {First-order and counting theories of omega-automatic structures},
    institution = "Universit{\"a}t Stuttgart, Fakult{\"a}t Informatik, Elektrotechnik und Informationstechnik",
    number = {Fakult{\"a}tsbericht Nr. 2005/07},
    pages = "22",
    year = "2005",
}

@Article{KuLo08, 
    author = {D. Kuske and M. Lohrey},
    title = {Hamiltonicity of automatic graphs},
    journal = {FIP TCS 2008},
    year = "2008",
}


@Article{LiNe03, 
author = "L. Libkin and F. Neven",
title = "Logical definability and query languages over unranked trees",
pages = "178--187",
journal= "Proceedings of the 18th Annual {IEEE} Symposium on
Logic in Computer Science (LICS)",
year = "2003",
}

@article{Lind66, 
AUTHOR = "Lindstr{\"o}m, Per",
TITLE = "First order predicate logic with generalized quantifiers",
JOURNAL = "Theoria",
FJOURNAL = "Theoria. A Swedish Journal of Philosophy",
VOLUME = "32",
YEAR = "1966",
PAGES = "186--195",
}

@incollection{Lodi02,
AUTHOR = "L{\"o}ding, Christof",
TITLE = "Model-checking infinite systems generated by ground tree rewriting",
BOOKTITLE = "Foundations of software science and computation structures (Grenoble, 2002)",
SERIES = "Lecture Notes in Comput. Sci.",
VOLUME = "2303",
PAGES = "280--294",
PUBLISHER = "Springer",
ADDRESS = "Berlin",
YEAR = "2002",
}

@book{Bool07,
	author = {George Boolos and Burgess and Jeffrey},
	title = {Computability and Logic},
	publisher = {Cambridge University Press},
	year = {2007},
}

@incollection{BaGrRu11,
AUTHOR = "V. B{\'a}r{\'a}ny and E. Gr{\"a}del and S. Rubin",
title = "Automata-based presentations of infinite structures",
booktitle = "Finite and Algorithmic Model Theory",
publisher = "Cambridge University Press",
series = "London Mathematical Society Lecture Note Series (No. 379)",
year = "2011",
}


@inproceedings{KuLo09,
  author    = {Dietrich Kuske and
               Markus Lohrey},
  title     = {Automatic Structures of Bounded Degree Revisited},
  booktitle = {CSL},
  year      = {2009},
  pages     = {364-378},
  }
  
@Article{Lohr03, 
author = "M. Lohrey",
title = "Automatic structures of bounded degree",
journal = "Proceedings of the 10th International Conference on 
Logic for Programming, Artificial Intelligence, and Reasoning (LPAR)",
pages="344--358",
year="2003",
series = "Lecture notes in artificial intelligence",
volume = "2850",
}

@article{Ly03, 
author = "O. Ly",
title = "Automatic graphs and D0L-sequences of finite graphs",
journal = "Journal of Computer and System Sciences",
volume= "67",
number="3",
pages="497--545",
year = "2003",
}

@article{McPi43, 
    AUTHOR = "W.S. McCulloch  and W. Pitts",
     TITLE = "A logical calculus of the ideas immanent in nervous
activity",
   JOURNAL = "Bull. Math. Biophys.",
    VOLUME = "5",
      YEAR = "1943",
     PAGES = "115--133",
}

@incollection{Meye75, 
author = "A.R. Meyer",
title = "Weak monadic second order theory of successor is not elementary-recursive",
booktitle="Logic Colloquium \text{(Boston, Mass, $1972--1973$)}",
pages ="132--154",
series = "Lecture Notes in Mathematics",
volume = "453",
year = "1975",
publisher = "Springer",
address = "Berlin",
}

@article{MiPo86, 
    AUTHOR = "C. Michaux and F. Point",
     TITLE = "Les ensembles {$k$}-reconnaissables sont d\'efinissables dans
              {$\langle {\bf N},+,V\sb k\rangle$}",
   JOURNAL = "C. R. Acad. Sci. Paris S\'er. I Math.",
  FJOURNAL = "Comptes Rendus des S\'eances de l'Acad\'emie des Sciences.
              S\'erie I. Math\'ematique",
    VOLUME = "303",
      YEAR = "1986",
    NUMBER = "19",
     PAGES = "939--942",
}

@article{MuSc85,
    AUTHOR = {Muller, David E. and Schupp, Paul E.},
     TITLE = {The theory of ends, pushdown automata, and second-order logic},
   JOURNAL = {Theoret. Comput. Sci.},
  FJOURNAL = {Theoretical Computer Science},
    VOLUME = {37},
      YEAR = {1985},
    NUMBER = {1},
     PAGES = {51--75},
}

@Article{Nabe76, 
author = "A.A. Nabebin",
title = "Multitape Automata in a Unary Alphabet",
journal = "Trudy Moskovskogo Ordena Lenina \`Energeticheskogo Instituta",
volume = "292",
year = "1976", 
pages = "7--11",
}

@Misc{NiTh05, 
	author = "A. Nies and R. Thomas",
	title = "{FA}-presentable groups and rings",
	note = "To appear",
	year = "2005",
}

@Article{Nies, 
author    = {A. Nies},
title     = {{D}escribing {G}roups},
journal	= "Bulletin of Symbolic Logic",
}


@article{Nies07,
  author        = {A. Nies},
  title         = {Describing Groups},
 journal = {Bulletin of Symbolic Logic},
  volume        = {13},
  number        = {3},
  pages         = {305-339},
  year          = {2007},
}

@Book{Odif89a, 
author = "P. Odifreddi",
title = "Classical recursion theory. The theory of functions and sets of natural
numbers",
series = "Studies in Logic and the Foundations of Mathematics, 125",
publisher = "North-Holland",
year = "1989",
}

@Book{Odif89b, 
author = "P. Odifreddi",
title = "Classical recursion theory. Volume II",
series = "Studies in Logic and the Foundations of Mathematics, 143",
publisher = "North-Holland",
year = "1999",
}

@inproceedings{OlTh05, 
	author = "G. Oliver and R. Thomas", 
	title = "Automatic presentations of finitely generated groups", 
	booktitle = "STACS '05: Proceedings of the 22nd Annual Symposium on Theoretical Aspects of Computer Science", 
	publisher = "Springer-Verlag", 
	year = "2005", 
}

@article{Oppe78, 
    AUTHOR = {D.C. Oppen},
     TITLE = {A superexponential upper bound on the complexity of
              {P}resburger arithmetic},
   JOURNAL = {Journal of Computer and System Sciences},
    VOLUME = {16},
      YEAR = {1978},
    NUMBER = {3},
     PAGES = {323--332},
}

@article{Otto00, 
  title = {Epsilon-logic is more expressive than first-order logic over finite
           structures},
  journal = {Journal of Symbolic Logic},
  volume = {65},
  author = {M. Otto},
  year = {2000},
  pages = {1749-1757},
}

@Article{Rabi69, 
 author = "M.O. Rabin",
 title  = "Decidability of Second-Order Theories and Automata on Infinite Trees",
 journal = "Transactions of the American Mathematical Society",
 volume = "141",
 year = "1969",
 pages = "1--35",
}

@article{RaSc59, 
    author = "M.O. Rabin and D. Scott",
     title = "Finite automata and their decision problems",
   journal = "IBM Journal of Research and Development",
    volume = "3",
      year = "1959",
     pages = "114--125",
}

@Article{Rubi,
author = {S. Rubin},
title = {Automata presenting structures: A survey of the finite-string case},
jounral = "Bulletin of Symbolic Logic",
volume = "14",
number = "2",
pages = "169--209",
year = "2008",
}

@PhdThesis{Rubi04, 
author = "S. Rubin",
title = "Automatic Structures",
school = "University of Auckland",
type = "PhD thesis",
year = "2004",
}

@Article{Rubi99, 
author = "S. Rubin",
title = "Finite automata and well ordered sets",
journal = "New Zealand Journal of Computing",
volume = "7",
number = "2",
pages = "39-46",
year = "1999",
}

@Book{Roge67, 
 author = "H. Rogers",
 title = "Theory of Recursive Functions and Effective Computability",
 publisher = "McGraw-Hill", 
 year = "1967",
}

@Book{Rose82, 
 author = "J.G. Rosenstein",
 title = "Linear Orderings",
 publisher = "Academic Press", 
 year = "1982",
}

@article{Rutt03,
    AUTHOR = {Rutten, J. J. M. M.},
     TITLE = {Coinductive counting with weighted automata},
      NOTE = {Weighted automata: theory and applications (Dresden, 2002)},
   JOURNAL = {J. Autom. Lang. Comb.},
  FJOURNAL = {Journal of Automata, Languages and Combinatorics},
    VOLUME = {8},
      YEAR = {2003},
    NUMBER = {2},
     PAGES = {319--352},
}

@Book{Sack90, 
 author = "G.E. Sacks",
 title = "Higher Recursion Theory",
 publisher = "Springer-Verlag", 
 year = "1990",
}

@InProceedings{SYZS92, 
 author = "A. Szilard and S. Yu and K. Zhang and
 J. Shallit",
 title = "Characterizing Regular Languages with Polynomial
 Densities",
 booktitle = "Mathematical Foundations of Computer Science 1992,
 17th International Symposium",
 year = "1992",
 series = "lncs",
 volume = "629",
 pages = "494--503",
}

@Book{SaSo78, 
 author = "A. Salomaa and M. Soittola",
 title = "Automata-Theoretic Aspects of Formal Power Series",
 publisher = "Springer-Verlag",
 year = "1978",
} 

@article{Tarj81,
    AUTHOR = {Tarjan, Robert Endre},
     TITLE = {A unified approach to path problems},
   JOURNAL = {J. Assoc. Comput. Mach.},
  FJOURNAL = {Journal of the Association for Computing Machinery},
    VOLUME = {28},
      YEAR = {1981},
    NUMBER = {3},
     PAGES = {577--593},
}

@Article{Trah62, 
 author = "B.A. Trahtenbrot",
 journal = "Siberian Mathematical Journal",
 title = "Finite automata and the logic of one-place predicates. \text{Russian}",
 volume = "3",
 pages = "103--131",
 year = "1962",
 note = "English translation: 
American Mathematical Society Translations, Series 2, 59 (1966), 23-55.",
}

@Article{That66, 
 author = "J.W. Thatcher",
 journal = "The Journal of Symbolic Logic",
 title = "Decision problems for multiple successor arithmetics",
 volume = "31",
 issue = "2",
 year = "1966",
 pages = "182--190"
}

@article{ThWr68, 
AUTHOR = {Thatcher, J. W. and Wright, J. B.},
TITLE = {Generalized finite automata theory with an application to a decision problem of second-order logic},
JOURNAL = {Mathematical Systems Theory. An International Journal on Mathematical Computing Theory}, 
VOLUME = {2}, 
YEAR = {1968}, 
PAGES = {57--81}, 
}

@Inbook{Thom90, 
 author = "W. Thomas",
 title = "Automata on infinite objects",
 booktitle = "Formal models and semantics. Handbook of theoretical computer science",
 publisher = "Elsevier",
 pages = "133--191",
 year =  "1990",
}

@inproceedings{Thom03,
    AUTHOR = {Thomas, Wolfgang},
     TITLE = {Constructing infinite graphs with a decidable {MSO}-theory},
 BOOKTITLE = {Mathematical foundations of computer science 2003},
    SERIES = {Lecture Notes in Comput. Sci.},
    VOLUME = {2747},
     PAGES = {113--124},
 PUBLISHER = {Springer},
   ADDRESS = {Berlin},
      YEAR = {2003},
}

@article{Vaan97, 
 author    = {Jouko A. V{\"a}{\"a}n{\"a}nen},
 title     = {Generalized Quantifiers.},
 journal   = {Bulletin of the EATCS},
 volume    = {62},
 year      = {1997},
}

@article{Vaan04, 
 author    = {Jouko A. V{\"a}{\"a}n{\"a}nen},
 title     = {Barwise: Abstract model theory and generalized quantifiers.},
 journal   = {Bulletin of Symbolic Logic},
 volume    = {10},
 number    = {1},
 year      = {2004},
 pages     = {37-53},
}

@Article{Vill92, 
 author = "R. Villemaire",
 TITLE = "The theory of {$\langle {\bf N},+,V\sb k,V\sb l\rangle$} is undecidable",
 journal = "Theoretical Computer Science",
 volume = "106",
 year = "1992",
 pages = "337--349",
}

@article{vino05, 
AUTHOR = {Vinokurov, N. S.}, 
TITLE = {Complexity of some natural problems in automatic structures}, 
JOURNAL = {Rossi\u\i skaya Akademiya Nauk.  Sibirskoe Otdelenie. Institut Matematiki im. S. L.  Soboleva.  
	Sibirski\u\i\ Matematicheski\u\i\ Zhurnal}, 
VOLUME = {46}, 
YEAR = {2005}, 
NUMBER = {1}, 
PAGES = {71--78}, 
}


@Article{turan,
 author = "P. Tur{//a}n",
 journal = "Math. Fiz. Lapok",
 title = "On an extremal problem in graph theory",
 year = "1941",
 pages = "436--452",
}
 
@Article{KNRS04b, 
 author = "B. Khoussainov and A. Nies and S. Rubin and F. Stephan",
 title = "Automatic Structures: Richness and Limitations",
 pages = "44--53",
 journal= "Proceedings of the 19th Annual {IEEE} Symposium on Logic in Computer Science (LICS)",
 year = "2004",
}

@Misc{krspartial-report,
author = "B. Khoussainov and S. Rubin and F. Stephan",
title  = "Automatic linear orders and trees",
note = "CDMTCS technical report $208$, Department of Computer Science, University of Auckland",
year = "2003",
}
