

@inproceedings{DBLP:conf/aaai/HuangSZ12,
  author    = {Xiaowei Huang and
               Kaile Su and
               Chenyi Zhang},
  title     = {Probabilistic Alternating-Time Temporal Logic of Incomplete Information
               and Synchronous Perfect Recall},
  booktitle = {Proceedings of the Twenty-Sixth {AAAI} Conference on Artificial Intelligence,
               July 22-26, 2012, Toronto, Ontario, Canada.},
  year      = {2012},
  crossref  = {DBLP:conf/aaai/2012},
  url       = {http://www.aaai.org/ocs/index.php/AAAI/AAAI12/paper/view/4901},
  timestamp = {Thu, 31 Jul 2014 11:17:14 +0200},
  biburl    = {http://dblp.uni-trier.de/rec/bib/conf/aaai/HuangSZ12},
  bibsource = {dblp computer science bibliography, http://dblp.org}
}

@proceedings{DBLP:conf/aaai/2012,
  editor    = {J{\"{o}}rg Hoffmann and
               Bart Selman},
  title     = {Proceedings of the Twenty-Sixth {AAAI} Conference on Artificial Intelligence,
               July 22-26, 2012, Toronto, Ontario, Canada},
  publisher = {{AAAI} Press},
  year      = {2012},
  timestamp = {Thu, 31 Jul 2014 11:17:14 +0200},
  biburl    = {http://dblp.uni-trier.de/rec/bib/conf/aaai/2012},
  bibsource = {dblp computer science bibliography, http://dblp.org}
}



@inproceedings{DBLP:conf/tacas/HuangSW13,
  author    = {Chung{-}Hao Huang and
               Sven Schewe and
               Farn Wang},
  title     = {Model-Checking Iterated Games},
  booktitle = {{TACAS}},
  series    = {Lecture Notes in Computer Science},
  volume    = {7795},
  pages     = {154--168},
  publisher = {Springer},
  year      = {2013}
}


@inproceedings{DBLP:conf/concur/WangHY11,
  author    = {Farn Wang and
               Chung{-}Hao Huang and
               Fang Yu},
  title     = {A Temporal Logic for the Interaction of Strategies},
  booktitle = {{CONCUR}},
  series    = {Lecture Notes in Computer Science},
  volume    = {6901},
  pages     = {466--481},
  publisher = {Springer},
  year      = {2011}
}


@article{DBLP:journals/fuin/KuceraS08,
  author    = {Anton{\'{\i}}n Kucera and
               Oldrich Strazovsk{\'{y}}},
  title     = {On the Controller Synthesis for Finite-State Markov Decision Processes},
  journal   = {Fundam. Inform.},
  volume    = {82},
  number    = {1-2},
  pages     = {141--153},
  year      = {2008}
}


@article{DBLP:journals/fmsd/ChenFKPS13,
  author    = {Taolue Chen and
               Vojtech Forejt and
               Marta Z. Kwiatkowska and
               David Parker and
               Aistis Simaitis},
  title     = {Automatic verification of competitive stochastic systems},
  journal   = {Formal Methods in System Design},
  volume    = {43},
  number    = {1},
  pages     = {61--92},
  year      = {2013}
}


@inproceedings{DBLP:conf/lfcs/BrihayeLLM09,
  author    = {Thomas Brihaye and
               Arnaud Da Costa Lopes and
               Fran{\c{c}}ois Laroussinie and
               Nicolas Markey},
  title     = {{ATL} with Strategy Contexts and Bounded Memory},
  booktitle = {{LFCS}},
  series    = {Lecture Notes in Computer Science},
  volume    = {5407},
  pages     = {92--106},
  publisher = {Springer},
  year      = {2009}
}


@article{DBLP:journals/fuin/BullingJ09,
  author    = {Nils Bulling and
               Wojciech Jamroga},
  title     = {What Agents Can Probably Enforce},
  journal   = {Fundam. Inform.},
  volume    = {93},
  number    = {1-3},
  pages     = {81--96},
  year      = {2009}
}

@inproceedings{DBLP:conf/lics/AlfaroH00,
  author    = {Luca de Alfaro and
               Thomas A. Henzinger},
  title     = {Concurrent Omega-Regular Games},
  booktitle = {{LICS}},
  pages     = {141--154},
  publisher = {{IEEE} Computer Society},
  year      = {2000}
}



@article{DBLP:journals/acta/BaierBGK12,
  author    = {Christel Baier and
               Tom{\'{a}}s Br{\'{a}}zdil and
               Marcus Gr{\"{o}}{\ss}er and
               Anton{\'{\i}}n Kucera},
  title     = {Stochastic game logic},
  journal   = {Acta Inf.},
  volume    = {49},
  number    = {4},
  pages     = {203--224},
  year      = {2012}
}



@inproceedings{DBLP:conf/atal/Schnoor10,
  author    = {Henning Schnoor},
  title     = {Strategic planning for probabilistic games with incomplete information},
  booktitle = {{AAMAS}},
  pages     = {1057--1064},
  publisher = {{IFAAMAS}},
  year      = {2010}
}

@inproceedings{DBLP:conf/esorics/Schnoor12,
  author    = {Henning Schnoor},
  title     = {Deciding Epistemic and Strategic Properties of Cryptographic Protocols},
  booktitle = {{ESORICS}},
  series    = {Lecture Notes in Computer Science},
  volume    = {7459},
  pages     = {91--108},
  publisher = {Springer},
  year      = {2012}
}

@inproceedings{DBLP:conf/icaart/Schnoor13a,
  author    = {Henning Schnoor},
  title     = {Epistemic and Probabilistic {ATL} with Quantification and Explicit
               Strategies},
  booktitle = {{ICAART} (Revised Selected Papers)},
  series    = {Communications in Computer and Information Science},
  volume    = {449},
  pages     = {131--148},
  publisher = {Springer},
  year      = {2013}
}
@inproceedings{DBLP:conf/fskd/ChenL07a,
  author    = {Taolue Chen and
               Jian Lu},
  title     = {Probabilistic Alternating-time Temporal Logic and Model Checking Algorithm},
  booktitle = {{FSKD} {(2)}},
  pages     = {35--39},
  publisher = {{IEEE} Computer Society},
  year      = {2007}
}




