@inproceedings{DBLP:conf/atal/NudelmanWSL04,
  author    = {Eugene Nudelman and
               Jennifer Wortman and
               Yoav Shoham and
               Kevin Leyton{-}Brown},
  title     = {Run the {GAMUT:} {A} Comprehensive Approach to Evaluating Game-Theoretic
               Algorithms},
  booktitle = {3rd International Joint Conference on Autonomous Agents and Multiagent
               Systems {(AAMAS} 2004), 19-23 August 2004, New York, NY, {USA}},
  pages     = {880--887},
  year      = {2004},
  crossref  = {DBLP:conf/atal/2004},
  url       = {http://doi.ieeecomputersociety.org/10.1109/AAMAS.2004.10127},
  doi       = {10.1109/AAMAS.2004.10127},
  timestamp = {Tue, 30 Jun 2015 16:34:07 +0200},
  biburl    = {http://dblp.uni-trier.de/rec/bib/conf/atal/NudelmanWSL04},
  bibsource = {dblp computer science bibliography, http://dblp.org}
}

@proceedings{DBLP:conf/atal/2004,
  title     = {3rd International Joint Conference on Autonomous Agents and Multiagent
               Systems {(AAMAS} 2004), 19-23 August 2004, New York, NY, {USA}},
  publisher = {{IEEE} Computer Society},
  year      = {2004},
  url       = {http://www.computer.org/csdl/proceedings/aamas/2004/index.html},
  isbn      = {1-58113-864-4},
  timestamp = {Mon, 23 Mar 2015 15:59:04 +0100},
  biburl    = {http://dblp.uni-trier.de/rec/bib/conf/atal/2004},
  bibsource = {dblp computer science bibliography, http://dblp.org}
}



@inproceedings{DBLP:conf/ecai/BonzonLLZ06,
  author    = {Elise Bonzon and
               Marie{-}Christine Lagasquie{-}Schiex and
               J{\'{e}}r{\^{o}}me Lang and
               Bruno Zanuttini},
  title     = {Boolean Games Revisited},
  booktitle = {{ECAI} 2006, 17th European Conference on Artificial Intelligence,
               August 29 - September 1, 2006, Riva del Garda, Italy, Including Prestigious
               Applications of Intelligent Systems {(PAIS} 2006), Proceedings},
  pages     = {265--269},
  year      = {2006},
  crossref  = {DBLP:conf/ecai/2006},
  url       = {http://www.booksonline.iospress.nl/Content/View.aspx?piid=1688},
  timestamp = {Tue, 13 Mar 2012 16:08:30 +0100},
  biburl    = {http://dblp.uni-trier.de/rec/bib/conf/ecai/BonzonLLZ06},
  bibsource = {dblp computer science bibliography, http://dblp.org}
}

@proceedings{DBLP:conf/ecai/2006,
  editor    = {Gerhard Brewka and
               Silvia Coradeschi and
               Anna Perini and
               Paolo Traverso},
  title     = {{ECAI} 2006, 17th European Conference on Artificial Intelligence,
               August 29 - September 1, 2006, Riva del Garda, Italy, Including Prestigious
               Applications of Intelligent Systems {(PAIS} 2006), Proceedings},
  series    = {Frontiers in Artificial Intelligence and Applications},
  volume    = {141},
  publisher = {{IOS} Press},
  year      = {2006},
  isbn      = {1-58603-642-4},
  timestamp = {Thu, 12 Feb 2009 12:51:20 +0100},
  biburl    = {http://dblp.uni-trier.de/rec/bib/conf/ecai/2006},
  bibsource = {dblp computer science bibliography, http://dblp.org}
}

@inproceedings{DBLP:conf/aaai/VickreyK02,
  author    = {David Vickrey and
               Daphne Koller},
  title     = {Multi-Agent Algorithms for Solving Graphical Games},
  booktitle = {Proceedings of the Eighteenth National Conference on Artificial Intelligence
               and Fourteenth Conference on Innovative Applications of Artificial
               Intelligence, July 28 - August 1, 2002, Edmonton, Alberta, Canada.},
  pages     = {345--351},
  year      = {2002},
  crossref  = {DBLP:conf/aaai/2002},
  url       = {http://www.aaai.org/Library/AAAI/2002/aaai02-053.php},
  timestamp = {Tue, 11 Dec 2012 12:57:22 +0100},
  biburl    = {http://dblp.uni-trier.de/rec/bib/conf/aaai/VickreyK02},
  bibsource = {dblp computer science bibliography, http://dblp.org}
}

@proceedings{DBLP:conf/aaai/2002,
  editor    = {Rina Dechter and
               Richard S. Sutton},
  title     = {Proceedings of the Eighteenth National Conference on Artificial Intelligence
               and Fourteenth Conference on Innovative Applications of Artificial
               Intelligence, July 28 - August 1, 2002, Edmonton, Alberta, Canada},
  publisher = {{AAAI} Press / The {MIT} Press},
  year      = {2002},
  url       = {http://www.aaai.org/Conferences/AAAI/aaai02.php},
  timestamp = {Thu, 01 Dec 2011 17:16:20 +0100},
  biburl    = {http://dblp.uni-trier.de/rec/bib/conf/aaai/2002},
  bibsource = {dblp computer science bibliography, http://dblp.org}
}


@article{DBLP:journals/aamas/ClercqBSMNC17,
  author    = {Sofie De Clercq and
               Kim Bauters and
               Steven Schockaert and
               Mihail Mihaylov and
               Ann Now{\'{e}} and
               Martine De Cock},
  title     = {Exact and heuristic methods for solving Boolean games},
  journal   = {Autonomous Agents and Multi-Agent Systems},
  volume    = {31},
  number    = {1},
  pages     = {66--106},
  year      = {2017},
  url       = {http://dx.doi.org/10.1007/s10458-015-9313-5},
  doi       = {10.1007/s10458-015-9313-5},
  timestamp = {Tue, 24 Jan 2017 17:33:07 +0100},
  biburl    = {http://dblp.uni-trier.de/rec/bib/journals/aamas/ClercqBSMNC17},
  bibsource = {dblp computer science bibliography, http://dblp.org}
}

@inproceedings{BLMR17,
  author    = {Francesco Belardinelli and Alessio Lomuscio and Aniello Murano
  and Sasha Rubin},
  title = {Verification of Multi-agent Systems
  with Imperfect Information and Public Actions},
booktitle = {Proceedings of the 2017 International Conference on Autonomous
Agents {\&} Multiagent Systems, S\~{a}o Paulo, May 8-12, 2017},
  ppages     = {xx-xx},
  year      = {2017},
}

@article{DBLP:journals/corr/abs-1109-2152,
  author    = {Georg Gottlob and
               Gianluigi Greco and
               Francesco Scarcello},
  title     = {Pure Nash Equilibria: Hard and Easy Games},
  journal   = {CoRR},
  volume    = {abs/1109.2152},
  year      = {2011},
  url       = {http://arxiv.org/abs/1109.2152},
  timestamp = {Mon, 05 Dec 2011 18:05:13 +0100},
  biburl    = {http://dblp.uni-trier.de/rec/bib/journals/corr/abs-1109-2152},
  bibsource = {dblp computer science bibliography, http://dblp.org}
}

@inproceedings{DBLP:conf/atal/IsmailiBMP13,
  author    = {Anisse Ismaili and
               Evripidis Bampis and
               Nicolas Maudet and
               Patrice Perny},
  title     = {A study on the stability and efficiency of graphical games with unbounded
               treewidth},
  booktitle = {International conference on Autonomous Agents and Multi-Agent Systems,
               {AAMAS} '13, Saint Paul, MN, USA, May 6-10, 2013},
  pages     = {263--270},
  year      = {2013},
  crossref  = {DBLP:conf/atal/2013},
  url       = {http://dl.acm.org/citation.cfm?id=2484964},
  timestamp = {Fri, 28 Jun 2013 14:29:36 +0200},
  biburl    = {http://dblp.uni-trier.de/rec/bib/conf/atal/IsmailiBMP13},
  bibsource = {dblp computer science bibliography, http://dblp.org}
}

@proceedings{DBLP:conf/atal/2013,
  editor    = {Maria L. Gini and
               Onn Shehory and
               Takayuki Ito and
               Catholijn M. Jonker},
  title     = {International conference on Autonomous Agents and Multi-Agent Systems,
               {AAMAS} '13, Saint Paul, MN, USA, May 6-10, 2013},
  publisher = {{IFAAMAS}},
  year      = {2013},
  url       = {http://dl.acm.org/citation.cfm?id=2484920},
  isbn      = {978-1-4503-1993-5},
  timestamp = {Fri, 28 Jun 2013 12:19:40 +0200},
  biburl    = {http://dblp.uni-trier.de/rec/bib/conf/atal/2013},
  bibsource = {dblp computer science bibliography, http://dblp.org}
}

