%%****************************************************************************%%
%% References                                                                 %%
%%****************************************************************************%%

@article{Kuske14,
  author    = {Dietrich Kuske},
  title     = {Isomorphisms of scattered automatic linear orders},
  journal   = TCS,
  volume    = {533},
  pages     = {46--63},
  year      = {2014},
  url       = {http://dx.doi.org/10.1016/j.tcs.2014.03.022},
  doi       = {10.1016/j.tcs.2014.03.022},
  timestamp = {Mon, 16 Jun 2014 08:14:23 +0200},
  biburl    = {http://dblp.uni-trier.de/rec/bib/journals/tcs/Kuske14},
  bibsource = {dblp computer science bibliography, http://dblp.org}
}



@inproceedings{RaRu12,
  author    = {Alexander Rabinovich and
               Sasha Rubin},
  title     = {Interpretations in Trees with Countably Many Branches},
  booktitle = LICS,
  year      = {2012},
  pages     = {551-560},
  ee        = {http://dx.doi.org/10.1109/LICS.2012.65},
  bibsource = {DBLP, http://dblp.uni-trier.de}
}



@misc{Reinhardt13,
     author = {Frederic Reinhardt},
     howpublished = {Diploma thesis, RWTH-Aachen},
     title = {Automatic Structures with Parameters},
     url = {http://logic.rwth-aachen.de/pub/reinhardt/Diplomarbeit.pdf},
     year = {2013},
}

@misc{AbuZaid08,
     author = {Faried {Abu Zaid}},
     howpublished = {Diploma thesis, RWTH-Aachen},
     title = {{Definability in $\omega$-Automatic Structures}},
     url = {http://logic.rwth-aachen.de/~abuzaid/diplomarbeit.pdf},
     year = {2011},
}

@article{AGKP12,
     author = {Faried {Abu Zaid} and Erich Gr{\"a}del and \L{}ukasz Kaiser and Wied Pakusa},
     title = {Model-Theoretic Properties of omega-Automatic Structures},
     journal = THCS,
     note = {Special Issue dedicated to STACS 2012},
     url = {http://www.logic.rwth-aachen.de/pub/abuzaid/modelprop.pdf},
     note = {published online 17 October 2013},
     doi = {http://dx.doi.org/10.1007/s00224-013-9508-6},
     year = {2013},
}

@inproceedings{AGK12,
     author = {Faried {Abu Zaid} and Erich Gr{\"a}del and {\L}ukasz Kaiser},
     booktitle = STACS,
     editor = {Christoph D{\"u}rr and Thomas Wilke},
     isbn = {978-3-939897-35-4},
     title = {{The Field of Reals is not omega-Automatic}},
     url = {http://www.logic.rwth-aachen.de/pub/abuzaid/reals_not_automatic.pdf},
     year = {2012},
}


@inproceedings{KuWe11,
  author    = {Dietrich Kuske and
               Thomas Weidner},
  title     = {Size and Computation of Injective Tree Automatic Presentations},
  booktitle = MFCS,
  year      = {2011},
  pages     = {424-435},
  ee        = {http://dx.doi.org/10.1007/978-3-642-22993-0_39},
  bibsource = {DBLP, http://dblp.uni-trier.de}
}

@article{Kart13,
  author    = {Alexander Kartzow},
  title     = {Collapsible Pushdown Graphs of Level 2 are Tree-Automatic},
  journal   = LMCS,
  volume    = {9},
  number    = {1},
  year      = {2013},
  ee        = {http://dx.doi.org/10.2168/LMCS-9(1:12)2013, http://arxiv.org/abs/1303.2453},
  bibsource = {DBLP, http://dblp.uni-trier.de}
}

@article{HKLL13,
  author    = {Martin Huschenbett and Alexander Kartzow and
               Jiamou Liu and
               Markus Lohrey},
  title     = {Tree-Automatic Well-Founded Trees},
  journal   = LMCS,
  volume    = {9},
  number    = {2},
  year      = {2013},
  ee        = {http://dx.doi.org/10.2168/LMCS-9(2:10)2013, http://arxiv.org/abs/1201.5495},
  bibsource = {DBLP, http://dblp.uni-trier.de}
}


@inproceedings{Husc12,
  author    = {Martin Huschenbett},
  title     = {Word Automaticity of Tree Automatic Scattered Linear Orderings
               Is Decidable},
  booktitle = CIE,
  year      = {2012},
  pages     = {313-322},
  ee        = {http://dx.doi.org/10.1007/978-3-642-30870-3_32},
  bibsource = {DBLP, http://dblp.uni-trier.de}
}

@inproceedings{Husc13,
  author    = {Martin Huschenbett},
  title     = {The Rank of Tree-Automatic Linear Orderings},
  booktitle = STACS,
  year      = {2013},
  pages     = {586-597},
  ee        = {http://dx.doi.org/10.4230/LIPIcs.STACS.2013.586},
  bibsource = {DBLP, http://dblp.uni-trier.de}
  }
  
@inproceedings{HuLi13,
  author    = {Martin Huschenbett and
               Jiamou Liu},
  title     = {A Polychromatic {R}amsey Theory for Ordinals},
  booktitle = MFCS,
  year      = {2013},
  pages     = {559-570},
  ee        = {http://dx.doi.org/10.1007/978-3-642-40313-2_50},
  bibsource = {DBLP, http://dblp.uni-trier.de}
}

@article{BrSr11,
author = {Lutz Str{\"u}ngmann and G{\'a}bor Braun},
title = {Breaking up finite automata presentable torsion-free abelian groups},
journal = IJAC,
year = 2011,
volume = 21,
number = 8,
pages = 1463-1472,
}

@article{Carr42,
author = "Philip W. Carruth",
title = "Arithmetic of ordinals with applications to the theory of ordered Abelian groups",
journal = BAMS,
volume = "48", 
year = "1942",
pages = "262--271",
}

@article{AGKW13,
year={2013},
issn={1432-4350},
journal=THCS,
doi={10.1007/s00224-013-9508-6},
title={Model-Theoretic Properties of {\it omega}-Automatic Structures},
url={http://dx.doi.org/10.1007/s00224-013-9508-6},
publisher={Springer US},
keywords={Logic; Algorithmic model theory; Automatic structures},
author = {Faried {Abu Zaid} and Erich Gr{\"a}del and {\L}ukasz Kaiser and Wied Pakusa},
pages={1-25},
language={English}
}

@inproceedings{AGK12,
     author = {Faried {Abu Zaid} and Erich Gr{\"a}del and {\L}ukasz Kaiser},
     title = {The Field of Reals is not omega-Automatic},
     booktitle = {Proceedings of the 29th International Symposium on Theoretical Aspects of Computer Science, STACS~2012},
     editor = {Christoph D{\"u}rr and Thomas Wilke},
     year = {2012},
     publisher = {To Appear},
     url = {http://www.logic.rwth-aachen.de/pub/abuzaid/reals_not_automatic.pdf},
}

@article {Rubi08,
    AUTHOR = {Rubin, Sasha},
     TITLE = {Automata presenting structures: a survey of the finite string case},
   JOURNAL = BSL,
  FJOURNAL = {Bulletin of Symbolic Logic},
    VOLUME = {14},
      YEAR = {2008},
    NUMBER = {2},
     PAGES = {169--209},
}

@inproceedings{Kusk12,
  author    = {Dietrich Kuske},
  title     = {Isomorphisms of scattered automatic linear orders},
  booktitle = CSL,
  year      = {2012},
  pages     = {455-469},
  ee        = {http://dx.doi.org/10.4230/LIPIcs.CSL.2012.455},
  bibsource = {DBLP, http://dblp.uni-trier.de}
}

@article{KuLo10,
  author    = {Dietrich Kuske and Markus Lohrey},
  title     = {Some natural decision problems in automatic graphs},
  journal   = JSL,
  volume    = {75},
  number    = {2},
  year      = {2010},
  pages     = {678-710},
  }
  
@inproceedings{KLL10CSL,
  author    = {Dietrich Kuske and Jiamou Liu and Markus Lohrey},
  title     = {The Isomorphism Problem for {\it omega}-Automatic Trees},
  booktitle = {CSL},
  year      = {2010},
  pages     = {396-410},
}

@article{KLL13,
  author    = {Dietrich Kuske and
               Jiamou Liu and
               Markus Lohrey},
  title     = {The isomorphism problem for {\it omega}-automatic trees},
  journal   = APAL,
  volume    = {164},
  number    = {1},
  year      = {2013},
  pages     = {30-48},
  ee        = {http://dx.doi.org/10.1016/j.apal.2012.09.001},
  bibsource = {DBLP, http://dblp.uni-trier.de}
}

@inproceedings{KLL10LICS,
  author    = {Dietrich Kuske and
               Jiamou Liu and
               Markus Lohrey},
  title     = {The Isomorphism Problem on Classes of Automatic Structures},
  booktitle = LICS,
  year      = {2010},
  pages     = {160-169},
  }
  
@techreport{MiOz02,
    author = {Christian Michaux and Adem Ozturk},
    title = {Quantifier Elimination following {M}uchnik},
    year = {2002},
     institution = {Universit\'e de Mons-Hainaut},
     number = {10},
     }

@article{Robi58,
AUTHOR = {Robinson, Raphael M.},
     TITLE = {Restricted set-theoretical definitions in arithmetic},
   JOURNAL = PAMS,
  FJOURNAL = {Proceedings of the American Mathematical Society},
    VOLUME = {9},
      YEAR = {1958},
     PAGES = {238--242},
}

@article{Fratani12,
title = "Regular sets over extended tree structures",
journal = TCS,
volume = "418",
number = "0",
pages = "48 - 70",
year = "2012",
note = "",
issn = "0304-3975",
doi = "10.1016/j.tcs.2011.10.020",
author = "S{\'e}verine Fratani",
}


@PhdThesis{Frat05, 
author = "S. Fratani",
title = "Automates \`a piles de piles ... de piles",
school = "Bordeaux",
year = "2005",
}

@incollection{Rabi77,
title = "Decidable Theories",
editor = "Jon Barwise",
booktitle = "Handbook of Mathematical Logic",
publisher = "Elsevier",
year = "1977",
volume = "90",
pages = "595 - 629",
series = "Studies in Logic and the Foundations of Mathematics",
issn = "0049-237X",
doi = "DOI: 10.1016/S0049-237X(08)71116-9",
url = "http://www.sciencedirect.com/science/article/B8GY3-4V8RN4F-Y/2/ac17ae56d98f6a95fd409e238c26fb50",
author = "Michael O. Rabin"
}



@article{KhMi09,
  author    = {Bakhadyr Khoussainov and
               Mia Minnes},
  title     = {Model-theoretic complexity of automatic structures},
  journal   = APAL,
  volume    = {161},
  number    = {3},
  year      = {2009},
  pages     = {416-426},
  ee        = {http://dx.doi.org/10.1016/j.apal.2009.07.012},
  bibsource = {DBLP, http://dblp.uni-trier.de}
}

@article{Shel75,
author ="S. Shelah",
title = "The monadic theory of order",
journal = AM,
vol = "102",
issue = "3",
pages = "349-419",
year = "1975",
}

@book{EbFl95,
author = "H.D. Ebbinghaus and J. Flum",
title = "Finite Model Theory",
series = "Perspectives in Mathematical Logic",
publisher = "Springer",
year = "1995",
}

@article{Pres29,
author = "M. Presburger",
year = "1929",
title = "{\"U}ber die Vollst{\"a}ndigkeit eines gewissen Systems der Arithmetik ganzer
 Zahlen, in welchem die Addition als einzige Operation hervortritt",
 journal = "Comptes Rendus du I congr{\`e}s de Math{\'e}maticiens des Pays Slaves. Warszawa: 92Ð101",
}

@Inbook{Dauc93,
author="Dauchet, Max",
editor="Comon, Hubert
and Jounnaud, Jean-Pierre",
title="Rewriting and tree automata",
booktitle="Term Rewriting: French Spring School of Theoretical Computer Science Font Romeux, France, May 17--21, 1993 Advanced Course",
year="1995",
volume = "909",
series = LNCS,
publisher="Springer",
pages="95--113",
isbn="978-3-540-49237-5",
doi="10.1007/3-540-59340-3_8",
url="http://dx.doi.org/10.1007/3-540-59340-3_8"
}


@Article{Bes08,
author = "B\`{e}s, Alexis",
title = "AN APPLICATION OF THE FEFERMAN-VAUGHT THEOREM TO AUTOMATA AND LOGICS FOR WORDS OVER AN INFINITE ALPHABET",
journal = LMCS,
volume = "4",
issue = "1",
year = "2008",
pages = "1--23",
}

@article{FiTo10,
author = "Finkel, Olivier and Todor\v{c}evi\'{c}, Stevo",
title = "The isomorphism relation between tree-automatic Structures",
journal = CEJM,
volume = "8",
issue = "2",
year = "2010",
pages = "299--313",
}

@Inbook{AutoMathLoding, 
 author = "C. L{\"o}ding",
 title = "Automata on infinite trees",
 booktitle = "Automata: from Mathematics to Applications",
 chapter = "X",
 pages = "xx-xx",
  year = "xxxx",
 publisher = "EMS",
}


@inproceedings{KRSZ12,
  author    = {Alex Kruckman and
               Sasha Rubin and
               John Sheridan and
               Ben Zax},
  title     = {A Myhill-Nerode theorem for automata with advice},
  booktitle = GANDALF,
  year      = {2012},
  pages     = {238-246},
  ee        = {http://dx.doi.org/10.4204/EPTCS.96.18},
  bibsource = {DBLP, http://dblp.uni-trier.de}
}


@Inproceedings{Bara06Hierarchy,
author = {V. B{\'a}r{\'a}ny},
title = {A Hierarchy of Automatic {\it omega}-Words having a Decidable {MSO} Theory},
booktitle = {On-line proceedings of the 11th Journes Montoises, Rennes 2006},
year = {2006},
} 

@article{CaTh02,
 author = {Carton, Olivier and Thomas, Wolfgang},
 title = {The monadic theory of morphic infinite words and generalizations},
 journal = IC,
 volume = {176},
 number = {1},
 year = {2002},
 issn = {0890-5401},
 pages = {51--65},
 publisher = {Academic Press, Inc.},
 }

@inproceedings{RaTh06,
  author    = {Alexander Moshe Rabinovich and
               Wolfgang Thomas},
  title     = {Decidable Theories of the Ordering of Natural Numbers with
               Unary Predicates},
  booktitle = CSL,
  year      = {2006},
    pages     = {562--574},
      editor    = {Zolt{\'{a}}n {\'{E}}sik},
      series = LNCS,
      volume = 4207,
}  

@article{Rabi10,
author = {Alexander Rabinovich},
title = {The full binary tree cannot be interpreted in a chain},
year = {2010},
journal = JSL,
volume = {75},
issue = {4},
pages = {1489--1498},
}

@article{rabinovich07,
 author = {Rabinovich, Alexander},
 title = {On Decidability of Monadic Logic of Order over the Naturals Extended by Monadic Predicates},
 journal = {Inf. Comput.},
 issue_date = {June, 2007},
 volume = {205},
 number = {6},
 month = jun,
 year = {2007},
 issn = {0890-5401},
 pages = {870--889},
 numpages = {20},
 url = {http://dx.doi.org/10.1016/j.ic.2006.12.004},
 doi = {10.1016/j.ic.2006.12.004},
 acmid = {1243837},
 publisher = {Academic Press, Inc.},
 address = {Duluth, MN, USA},
} 


@article{Drie88,
     title = {Alfred Tarski's Elimination Theory for Real Closed Fields},
     author = {Dries, Lou van den},
     journal = JSL,
     volume = {53},
     number = {1},
     pages = {7--19},
     year = {1988},
     publisher = {Association for Symbolic Logic},    
    }
        
@book{Tars51,
title = {A Decision Method for Elementary Algebra and Geometry},
author = {Alfred Tarski},
year = {1951},
publisher = {University of California Press},
}

@Inproceedings{AsNe81, 
author = "C.J. Ash and A. Nerode",
title = "Intrinsically recursive relations",
booktitle = "Aspects of effective algebra \text{(Clayton, $1979$)}",
pages="26--41",
publisher = "Upside Down A Book Co. Yarra Glen",
year = "1981",
}

@PhdThesis{Bara07, 
author = "V. B{\'a}r{\'a}ny",
title = "Automatic Presentations of Infinite Structures",
school = "RWTH Aachen",
type = "Phd Thesis",
year = "2007",
}

@InProceedings{Bara06, 
author = "V. B{\'a}r{\'a}ny",
title = "Invariants of automatic presentations and semi-synchronous transductions",
booktitle = STACS,
pages = "289--300",
year = "2006",
}

@Misc{BR, 
author = "V. B{\'a}r{\'a}ny and S. Rubin",
title = "There exists continuum many preserves regularity on $\omega$-trees",
year = "2007",
}

@book{Bers79, 
AUTHOR = {Berstel, Jean},
TITLE = {Transductions and context-free languages},
SERIES = {Leitf\"aden der Angewandten Mathematik und Mechanik [Guides to
Applied Mathematics and Mechanics]},
VOLUME = {38},
PUBLISHER = {B. G. Teubner},
ADDRESS = {Stuttgart},
YEAR = {1979},
PAGES = {278},
ISBN = {3-519-02340-7},
}

@article{BeLiNe07,
author = "M. Benedikt and L. Libkin and F. Neven",
title = "Logical definability and query languages over ranked and unranked trees",
journal = ACMTOCL,
year = "2007",
Volume = "8",
Number = "2",
}

@InProceedings{BeLi02, 
 author = "M. Benedikt and L. Libkin",
 title = "Tree extension algebras: logics, automata, and query languages",
 pages = "203--212",
 booktitle = "Proceedings of the 17th Annual {IEEE} Symposium on
 Logic in Computer Science {\sc (LICS)}",
 year = "2002", 
}



@inproceedings{BKRa,
author = "V. B{\'a}r{\'a}ny and L. Kaiser and A. Rabinovitch",
title = {Cardinality Quantifiers in {MLO} over Trees},
booktitle = CSL,
year = {2009},
pages = "117--131",
}
    

@article{BJW93,
  author    = {P. T. Bateman and C. G. Jockusch Jr. and  A. R. Woods},
  title     = {Decidability and Undecidability of Theories 
               with a Predicate for the Primes.},
  journal   = JSL,
  volume    = {58},
  number    = {2},
  year      = {1993},
  pages     = {672-687},
}

@Inproceedings{Tsan09,
author = "T. Tsankov",
title = "The additive group of the rationals does not have an automatic presentation",
year = "2009",
booktitle = "Logic Colloquium",
}

@article{Tsan11,
author = "T. Tsankov",
title = "The additive group of the rationals does not have an automatic presentation",
journal = JSL,
year = "2011",
pages = "1341Ð1351",
number = "4",
volume = "76",
}

@InProceedings{BKRu08, 
author = "V. B{\'a}r{\'a}ny and L. Kaiser and S. Rubin",
title = "Cardinality and counting quantifiers on {\it omega}-automatic structures",
year = "2008",
booktitle = STACS,
}

@article{BLSS03,
  author    = {Michael Benedikt and
               Leonid Libkin and
               Thomas Schwentick and
               Luc Segoufin},
  title     = {Definable relations and first-order query languages over
               strings},
  journal   = JACM,
  volume    = {50},
  number    = {5},
  year      = {2003},
  }


@InProceedings{BLSS01, 
 author = "M. Benedikt and L. Libkin and T. Schwentick and L. Segoufin",
 title = "A {Model-Theoretic} Approach to Regular String Relations",
 pages = "431--440",
 booktitle = "Proceedings of the 16th Annual {IEEE} Symposium on
 Logic in Computer Science {\sc (LICS)}",
 year = "2001", 
}

@Article{Benn73, 
 author = "C. H. Bennett",
 title = "Logical Reversibility of Computation",
 journal = IBMJ,
 volume = "17",
 number = "6",
 pages = "525--532",
 month = nov,
 year = "1973",
}

@incollection{BCL07,
  author    = {A. Blumensath and Th. Colcombet and Ch. L{\"o}ding},
  title     = {Logical theories and compatible operations},
  booktitle = {Logic and Automata: History and Perspectives},
  editor    = {J. Flum and E. Gr{\"a}del and T. Wilke},
  series    = {Texts in Logic and Games},
  pages     = {73-106},
  year      = {2007},
  publisher = {Amsterdam University Press},
}

@PhdThesis{Blum99, 
author = "A. Blumensath",
title = "Automatic Structures",
school = "RWTH Aachen",
type = "Diploma Thesis",
year = "1999",
}

@inproceedings{Blum02,
author = {A. Blumensath}, 
title = {Axiomatising Tree-Interpretable Structures}, 
booktitle = STACS,
year = {2002}, 
pages = {596--607}, 
publisher = {Springer-Verlag}, 
}

@TECHREPORT{Blum01, 
AUTHOR = {A. Blumensath},
TITLE = {Prefix-Recognisable Graphs and Monadic Second-Order Logic},
INSTITUTION = {RWTH Aachen},
YEAR = {2001},
}

@InProceedings{BlGr00, 
 author = "A. Blumensath and E. Gr{\"a}del",
 title = "Automatic Structures",
 pages = "51--62",
 booktitle = LICS,
 year = "2000",
}

@ARTICLE{BlGr04, 
 AUTHOR = {A. Blumensath and E. Gr{\"a}del},
 TITLE = {Finite Presentations of Infinite Structures: Automata and Interpretations},
 JOURNAL = THCS,
 PUBLISHER = {Springer-Verlag},
 YEAR = {2004},
 VOLUME = {37},
 PAGES = {641 -- 674},
}

@InProceedings{BlGr02, 
 author = "A. Blumensath and E. Gr{\"a}del",
 title = "Finite Presentations of infinite structures : Automata and Interpretations",
 booktitle = "Proceedings of the 2nd International Workshop on Complexity in Automated Deduction
	 {\sc (CIAD)}",
 year = "2002",
}

@article{Bruy84, 
	author = "V. Bruy{\`e}re",
	title = "Entiers et automates finis",
	publisher = "U.E Mons",
	note = "m{\'e}moire de license en math{\'e}matiques",
	year = "1984--1985",
}

@article{BHMCV94, 
    AUTHOR = "V. Bruy{\`e}re and G. Hansel and C. Michaux
              Christian and R. Villemaire",
     TITLE = "Logic and {$p$}-recognizable sets of integers",
      NOTE = "Journ\'ees Montoises {\text (Mons, 1992)}",
   JOURNAL = BBMSSS,
    VOLUME = "1",
      YEAR = "1994",
    NUMBER = "2",
     PAGES = "191--238",
}

@article{Buch60, 
    AUTHOR = {J.R. B{\"u}chi},
     TITLE = {Weak second-order arithmetic and finite automata},
   JOURNAL = ZMLGM,
    VOLUME = {6},
      YEAR = {1960},
     PAGES = {66--92},
}

@article{Buch62, 
author = {J.R. B{\"u}chi},
title = {On a decision method in restricted second order arithmetic},
journal = {Logic, Methodology and Philosophy of Science \text{(Proc. $1960$ Internat. Congr)}},
year = {1962},
pages = {1--11},
publisher = {Stanford University Press},
}

@article{Cann84, 
author = "J.W. Cannon",
title ="The combinatorial structure of cocompact discrete hyperbolic groups",
journal = "Geometriae Dedicata (Historical Archive)",
volume = "16",
number = "2",
year = "1984",
pages = "123--148",
}

@inproceedings{Cauc02,
    AUTHOR = {Caucal, Didier},
     TITLE = {On infinite terms having a decidable monadic theory},
 BOOKTITLE = MFCS,
    SERIES = LNCS,
    VOLUME = {2420},
     PAGES = {165--176},
 PUBLISHER = {Springer},
   ADDRESS = {Berlin},
      YEAR = {2002},
}

 
@PhdThesis{Colc04,
author = "T. Colcombet",
title = "Properties and representation of infinite structures",
school = "University of Rennes I",
year = "2004",
}
		
@misc{CoLo06, 
author = "T. Colcombet and C. L{\"o}ding",
title = "Transforming structures by set interpretations",
note = "Technical report AIB-$2006$-$07$ of RWTH Aachen",
year = "2006",
}

@article{CoLo07,
  AUTHOR      = {T. Colcombet and C. L\"oding},
  TITLE       = {Transforming structures by set interpretations},
  journal     = LMCS,
  volume      = {3},
  number      = {2}, 
  year        = {2007},
}

@incollection{CeRe98, 
    AUTHOR = "D. Cenzer and J.B. Remmel",
     TITLE = "Complexity-theoretic model theory and algebra",
 BOOKTITLE = "Handbook of recursive mathematics, Vol.\ 1",
    SERIES = "Studies in Logic and the Foundations of Mathematics",
    VOLUME = "138",
     PAGES = "381--513",
 PUBLISHER = "North-Holland",
   ADDRESS = "Amsterdam",
      YEAR = "1998",
}

@incollection{Chur63, 
    AUTHOR = "A. Church",
     TITLE = "Logic, arithmetic, and automata",
 BOOKTITLE = "Proceedings of the International Congress of Mathematicians \text{Stockholm, $1962$}",
     PAGES = "23--35",
 PUBLISHER = "Inst. Mittag-Leffler",
   ADDRESS = "Djursholm",
      YEAR = "1963",
}


@Article{Delh06,
author = "C. Delhomm\'e",
title = "Height of a Superposition",
pages = "221--233",
journal = "Order",
year = "2006",
volume = "23",
}

@Article{Delh04, 
author = "C. Delhomm\'e",
title = "Automaticit\'e des ordinaux et des graphes homog\`enes", 
pages = "5--10",
journal = CRASP1,
volume = "339",
number = "1",
year = "2004",
}

Misc{Delh01a, 
author = "C. Delhomm\'e",
title = "Non-automaticity of $\omega^\omega$",
year = "2001",
note = "manuscript",
}

Misc{Delh01b, 
author = "C. Delhomm\'e",
title = "The Rado Graph is not Automatic",
note = "manuscript",
year = "2001",
} 

Misc{DGK03, 
author = "C. Delhomm\'e and V. Goranko and T. Knapik",
title = "Automatic Linear Orderings",
year = "2003",
} 

@article{Done70, 
AUTHOR = "J. Doner", 
TITLE = "Tree acceptors and some of their applications",
JOURNAL = JCSS,
VOLUME = {4}, 
YEAR = {1970}, 
PAGES = {406--451}, 
}

@Article{EES69, 
author = "S. Eilenberg and C.C. Elgot and J.C. Shepherdson",
title = "Sets Recognised by $n$--Tape Automata",
journal = JALG,
volume = "13",
number = "4",
year = "1969",
pages = "447-464",
}

@Book{Ende72, 
author = "H.B. Enderton",
title = "A mathematical introduction to logic",
publisher = "Academic Press",
year = "1972",
}

@Book{Ersh98, 
editor = "Ershov et al.",
title = "Handbook of recursive mathematics, volume 1",
series = "Studies in Logic and the foundations of Mathematics",
publisher = "Elsevier",
year = "1998",
}

@article{Elgo61, 
    AUTHOR = {C.C. Elgot},
     TITLE = {Decision problems of finite automata design and related
              arithmetics},
   JOURNAL = TAMS,
    VOLUME = {98},
      YEAR = {1961},
     PAGES = {21--51},
}

@Article{ElMe65, 
 author = {C.C. Elgot and J.E. Mezei},
 title = {On Relations Defined by Generalised Finite Automata},
 journal = IBMJ,
 volume = {9},
 year  = {1965}, 
 pages = "47--68",
}

@Article{ElRa66, 
author = {C.C. Elgot and M.O. Rabin},
title = {Decidability of extensions of theory of successor},
journal = JSL,
volume = {31},
number = {2},
year = {1966},
pages = {169--181},
}

@article{EHR91, 
author = {D. B. A. Epstein and D. F. Holt and S. E. Rees}, 
title = {The use of Knuth-Bendix methods to solve the word problem in automatic groups},
journal = JSC,
volume = {12}, 
number = {4-5}, 
year = {1991}, 
pages = {397--414}, 
} 

@Book{CEHLPT92, 
author = "J. W. Cannon and D. B. H.  Epstein and D. F. Holt and S. V. F. Levy and M. S. Paterson and W. P.  Thurston", 
title = "Word processing in groups", 
publisher = "Jones and Bartlett", 
year = "1992",
}

@incollection{FiRa74, 
    AUTHOR = {M. Fischer and M.0. Rabin},
     TITLE = {Super-exponential complexity of {P}resburger arithmetic},
 BOOKTITLE = {Complexity of computation (Proc. SIAM-AMS Sympos., New York,
              1973)},
     PAGES = {27--41. SIAM-AMS Proc., Vol. VII},
 PUBLISHER = {American Mathematical Society},
      YEAR = {1974},
}

@Article{FrSa93, 
 author  = "C. Frougny and J. Sakarovitch",
 title   = "Synchronized rational relations of finite and infinite words",
 journal = TCS,
 volume  = "108",
 number  = "1",
 year    = "1993", 
 pages   = "45--82",
}

@Article{GoKn02, 
 author = "S.S. Goncharov and J.F. Knight",
 title = "Computable structure and non-structure theorems",
 journal = ALGL,
 volume = "41",
 number = "6",
 year = "2002",
 pages = "351--373",
}

@Article{Grad90, 
 author = "E. Gr{\"a}del",
 title = "Simple interpretations among complicated theories",
 journal = IPL,
 volume = "35",
 number = "5",
 year = "1990",
 pages = "235--238",
}

@book{BGG97,
  author    = {Egon B{\"o}rger and
               Erich Gr{\"a}del and
               Yuri Gurevich},
  title     = {The Classical Decision Problem},
  publisher = {Springer},
  series    = {Perspectives in Mathematical Logic},
  year      = {1997},
}

@article{ELTT65,
title = "ELEMENTARY THEORIES",
author = "Yu. L. Ershov and I. A. Lavrov and A. D. Taimanov and M. A. Taitslin",
journal = RMS,
year = "1965",
volume = "20(4):35",
}

@incollection{Gure85,
author = "Yuri Gurevich",
title = "Monadic second-order theories",
booktitle = "Model-Theoretic Logics",
editor = "Jon Barwise and Sol Feferman",
publisher = "Springer-Verlag, Perspective in Mathematical Logic",
year = "1985",
pages = "479--506",
}


@article{GrGu98, 
AUTHOR = "E. Gr{\"a}del and Y. Gurevich",
TITLE = "Metafinite model theory",
JOURNAL = IC,
VOLUME = "140", 
YEAR = "1998", 
NUMBER = "1", 
PAGES = "26--81", 
}

@article{Hell96, 
  author    = {L. Hella},
  title     = {Logical Hierarchies in PTIME.},
  journal   = IC,
  volume    = {129},
  number    = {1},
  year      = {1996},
  pages     = {1-19},
}

@article{Hell89, 
AUTHOR = {L. Hella},
TITLE = {Definability hierarchies of generalized quantifiers},
JOURNAL = APAL,
FJOURNAL = {Annals of Pure and Applied Logic},
VOLUME = {43},
YEAR = {1989},
NUMBER = {3},
PAGES = {235--271},
}

@InProceedings{HKMN08,
Author = {G. Hjorth and B. Khoussainov and A. Montalb{\'a}n and A. Nies},
title  = "From automatic structures to {B}orel structures",
booktitle = LICS,
year = "2008",}

@incollection{NiMo11,
title = {Borel structures: a brief survey},
author = {A. Montalb{\'a}n and A. Nies},
editor = {N. Greenberg and J. D. Hamkins and D. R. Hirschfeldt and R. G. Miller},
BOOKTITLE = {Effective Mathemematics of the Uncountable},
publisher = {Cambridge University Press},
series = {ASL Lecture Notes in Logic},
number = {41},
YEAR = {2013},
pages = {124--134},
}


@Book{Hodg93, 
author = "W. A. Hodges", 
title = "Model theory", 
publisher = "Cambridge University Press", 
year = "1993",
}

@PhdThesis{Hodg76, 
author = "B.R. Hodgson",
title = "Th\'eories d\'ecidables par automate fini",
school = "University of Montr\'eal",
type = "PhD Thesis",
year = "1976",
}

@Article{Hodg83, 
 author = "B.R. Hodgson",
 title = "D\'ecidabilit\'e par automate fini",
 journal = ASMQ,
 place = "Quebec",
 volume = "7",
 year = "1983",
 pages = "39--57",
}

@Article{Hodg82, 
 author = "B.R. Hodgson",
 title = "On Direct Products of Automaton Decidable Theories",
 journal = TCS,
 volume = "19",
 year = "1982",
 pages = "331--335",
}

@incollection{Holt96, 
AUTHOR = "D.F. Holt", 
TITLE = "The Warwick automatic groups software",
BOOKTITLE = "Geometric and computational perspectives on infinite groups (Minneapolis, MN and New Brunswick, NJ, 1994)",
SERIES = "DIMACS Ser. Discrete Math. Theoret. Comput.  Sci.",
VOLUME = "25", 
PAGES = "69--82", 
PUBLISHER = "Amer. Math. Soc.", 
YEAR = "1996",
}

@InProceedings{IKR02, 
author = "H. Ishihara and B. Khoussainov and S.  Rubin", 
title  = "Some Results on Automatic Structures", 
pages = "235--242", 
booktitle = "17th Symposium on Logic in Computer Science (LICS)", 
year = "2002",}

@Article{John86, 
 author = "J.H. Johnson",
 title = "Rational Equivalence Relations",
 journal = TCS,
 volume = "47",
 number = "1",
 pages = "39--60",
 year = "1986",
}

@Book{Kech95, 
 author = "A. Kechris",
 title = "Classical descriptive set theory",
 publisher = "Springer-Verlag",
 year = "1995",
}

@Article{Klae03, 
author = "F. Klaedtke",
title = "On the automata size for Presburger Arithmetic",
journal = "Technical report No. $186$ of the Institute of Computer Science at
Freiburg University",
year = "2003",
}

@inproceedings{KhNe95,
  author    = {Bakhadyr Khoussainov and
               Anil Nerode},
  title     = {Automatic Presentations of Structures},
  booktitle = LCC,
  pages     = {367--392},
  crossref  = {DBLP:conf/lcc/1994},
  url       = {http://dx.doi.org/10.1007/3-540-60178-3_93},
  doi       = {10.1007/3-540-60178-3_93},
  timestamp = {Thu, 23 Jun 2011 19:50:18 +0200},
  biburl    = {http://dblp.uni-trier.de/rec/bib/conf/lcc/KhoussainovN94},
  bibsource = {dblp computer science bibliography, http://dblp.org}
}

@proceedings{DBLP:conf/lcc/1994,
  editor    = {Daniel Leivant},
  title     = {Logical and Computational Complexity. Selected Papers. Logic and Computational
               Complexity, International Workshop {LCC} '94, Indianapolis, Indiana,
               USA, 13-16 October 1994},
  series    = LNCS,
  volume    = {960},
  publisher = {Springer},
  year      = {1995},
  isbn      = {3-540-60178-3},
  timestamp = {Mon, 13 Jan 2003 07:53:30 +0100},
  biburl    = {http://dblp.uni-trier.de/rec/bib/conf/lcc/1994},
  bibsource = {dblp computer science bibliography, http://dblp.org}
}



@Article{KNRS04, 
 author = "B. Khoussainov and A. Nies and S. Rubin and F. Stephan",
 title = "Automatic Structures: Richness and Limitations",
 pages = "0--0",
 journal=  LMCS,
 year = "2007",
 volume = "3",
 number = "2",
}

Article{KhRu, 
author = "B. Khoussainov and S. Rubin",
title = "Some thoughts on Automatic Structures",
journal = "Journal of Automata, Languages and Combinatorics",
}

Article{KhRu01, 
author = "B. Khoussainov and S. Rubin",
title = "Graphs with Automatic Presentations over a Unary Alphabet",
journal = "Journal of Automata, Languages and Combinatorics",
volume = "6",
number = "4",
pages = "467--480",
year = "2001",
}

@incollection{KRS04, 
author = "B. Khoussainov and S. Rubin and F. Stephan",
title = "Definability and regularity in automatic structures",
booktitle= STACS,
series= LNCS,
volume = "2996",
pages = "440--451",
publisher = "Springer",
address = "Berlin",
year = "2004",
}


@Article{KRS05, 
author = "B. Khoussainov and S. Rubin and F. Stephan",
title  = "Automatic linear orders and trees",
journal = ACMTOCL,
volume = "6",
number = "4",
pages = "675--700",
year = "2005",
}

@article{Kuic82,
    AUTHOR = {Kuich, W.},
     TITLE = {An algebraic characterization of some principal regulated
              rational cones},
   JOURNAL = JCSS,
   FJOURNAL = {Journal of Computer and System Sciences},
    VOLUME = {25},
      YEAR = {1982},
    NUMBER = {3},
     PAGES = {377--401},
}

@article{KuUr83,
    AUTHOR = {Kuich, W. and Urbanek, F. J.},
     TITLE = {Infinite linear systems and one-counter languages},
   JOURNAL = TCS,
    FJOURNAL = {Theoretical Computer Science},
    VOLUME = {22},
      YEAR = {1983},
    NUMBER = {1-2},
     PAGES = {95--126},
}

@Misc{Step02, 
author = "F. Stephan",
title  = "The random graph is not automatically presentable",
note = "manuscript",
year = "2002",
}

@Misc{KRS03, 
author = "B. Khoussainov and S. Rubin and F. Stephan",
title = "Definability and regularity in automatic presentations
of subsytems of arithmetic",
note = "CDMTCS technical report $209$, Department of Computer Science, University
of Auckland",
year = "2003",
}

@Article{KhRu03, 
author = "B. Khoussainov and S. Rubin",
title = "Automatic structures -- overview and future directions",
journal = JALC,
volume = "8",
number = "2",
pages = "287--301", 
year= "2003",
}

@incollection{Klee56, 
    AUTHOR = {Kleene, S. C.},
     TITLE = {Representation of events in nerve nets and finite automata},
 BOOKTITLE = {Automata studies},
    SERIES = {Annals of mathematics studies, no. 34},
     PAGES = {3--41},
 PUBLISHER = {Princeton University Press},
   ADDRESS = {Princeton, N. J.},
      YEAR = {1956},
}

@Book{Kopp89, 
author = "S. Koppelberg",
title = "Handbook of Boolean Algebras. Volume 1.",
publisher = "North-Holland",
year = "1989",
}

@book{KLP00, 
editor = "G.M. Kuper and L. Libkin and J. Paredaens",
title  = "Constraint Databases",
publisher = "Springer",
year      = "2000",
}

@Article{Kusk03, 
author = "D. Kuske",
title = "Is {C}antor's theorem automatic?",
pages = "332--345",
journal = LPAR,
series = "Lecture notes in artificial intelligence",
volume = "2850",
year = "2003",
}

@Article{Kusk10,
  author =	{Dietrich Kuske},
  title =	{Is {R}amsey's Theorem {\it omega}-automatic?},
  journal = STACS,
  pages =	{537--548},
  series =	{Leibniz International Proceedings in Informatics (LIPIcs)},
  ISBN =	{978-3-939897-16-3},
  ISSN =	{1868-8969},
  year =	{2010},
  volume =	{5},
}

TechReport{KuLo05, 
    author = {D. Kuske and M. Lohrey},
    title = {First-order and counting theories of {\it omega}-automatic structures},
    institution = "Universit{\"a}t Stuttgart, Fakult{\"a}t Informatik, Elektrotechnik und Informationstechnik",
    number = {Fakult{\"a}tsbericht Nr. 2005/07},
    pages = "22",
    year = "2005",
}

@article{KuLo08JSL,
  author    = {Dietrich Kuske and
               Markus Lohrey},
  title     = {First-order and counting theories of {\it omega}-automatic structures},
  journal   = JSL,
  volume    = {73},
  number    = {1},
  year      = {2008},
  pages     = {129-150},
  ee        = {http://projecteuclid.org/euclid.jsl/1208358745},
  bibsource = {DBLP, http://dblp.uni-trier.de}
}


@Article{LiNe03, 
author = "L. Libkin and F. Neven",
title = "Logical definability and query languages over unranked trees",
pages = "178--187",
journal= LICS,
year = "2003",
}

@article{Lind66, 
AUTHOR = "Lindstr{\"o}m, Per",
TITLE = "First order predicate logic with generalized quantifiers",
JOURNAL = "Theoria",
FJOURNAL = "Theoria. A Swedish Journal of Philosophy",
VOLUME = "32",
YEAR = "1966",
PAGES = "186--195",
}

@incollection{Lodi02,
AUTHOR = "L{\"o}ding, Christof",
TITLE = "Model-checking infinite systems generated by ground tree rewriting",
BOOKTITLE = "Foundations of software science and computation structures (Grenoble, 2002)",
SERIES = LNCS,
VOLUME = "2303",
PAGES = "280--294",
PUBLISHER = "Springer",
ADDRESS = "Berlin",
YEAR = "2002",
}

@book{Bool07,
	author = {George Boolos and Burgess and Jeffrey},
	title = {Computability and Logic},
	publisher = {Cambridge University Press},
	year = {2007},
}

@incollection{BaGrRu11,
AUTHOR = "V. B{\'a}r{\'a}ny and E. Gr{\"a}del and S. Rubin",
title = "Automata-based presentations of infinite structures",
booktitle = "Finite and Algorithmic Model Theory",
publisher = "Cambridge University Press",
series = "London Mathematical Society Lecture Note Series (No. 379)",
year = "2011",
}

@inproceedings{Kusk09,
  author    = {Dietrich Kuske},
  title     = {Theories of Automatic Structures and Their Complexity},
  booktitle = {Proc. Intl. Conf. Algebraic Informatics},
  year      = {2009},
  pages     = {81-98},
  ee        = {http://dx.doi.org/10.1007/978-3-642-03564-7_5},
  bibsource = {DBLP, http://dblp.uni-trier.de}
}

@inproceedings{KuLo09,
  author    = {Dietrich Kuske and
               Markus Lohrey},
  title     = {Automatic Structures of Bounded Degree Revisited},
  booktitle = CSL,
  year      = {2009},
  pages     = {364-378},
  }
  
  @article{KuLo11,
  author    = {Dietrich Kuske and
               Markus Lohrey},
  title     = {Automatic structures of bounded degree revisited},
  journal   = JSL,
  volume    = {76},
  number    = {4},
  year      = {2011},
  pages     = {1352-1380},
  ee        = {http://projecteuclid.org/euclid.jsl/1318338854},
  bibsource = {DBLP, http://dblp.uni-trier.de}
}

  
@Article{Lohr03, 
author = "M. Lohrey",
title = "Automatic structures of bounded degree",
journal = LPAR,
pages="344--358",
year="2003",
series = "Lecture notes in artificial intelligence",
volume = "2850",
}

@article{Ly03, 
author = "O. Ly",
title = "Automatic graphs and D0L-sequences of finite graphs",
journal = JCSS,
volume= "67",
number="3",
pages="497--545",
year = "2003",
}

@article{McPi43, 
    AUTHOR = "W.S. McCulloch  and W. Pitts",
     TITLE = "A logical calculus of the ideas immanent in nervous
activity",
   JOURNAL = BMB,
    VOLUME = "5",
      YEAR = "1943",
     PAGES = "115--133",
}

@incollection{Meye75, 
author = "A.R. Meyer",
title = "Weak monadic second order theory of successor is not elementary-recursive",
booktitle="Logic Colloquium \text{(Boston, Mass, $1972--1973$)}",
pages ="132--154",
series = "Lecture Notes in Mathematics",
volume = "453",
year = "1975",
publisher = "Springer",
address = "Berlin",
}

@article{MiPo86, 
    AUTHOR = "C. Michaux and F. Point",
     TITLE = "Les ensembles {$k$}-reconnaissables sont d\'efinissables dans
              {$\langle {\bf N},+,V\sb k\rangle$}",
   JOURNAL = CRASP1,
   FJOURNAL = "Comptes Rendus des S\'eances de l'Acad\'emie des Sciences.
              S\'erie I. Math\'ematique",
    VOLUME = "303",
      YEAR = "1986",
    NUMBER = "19",
     PAGES = "939--942",
}

@article{MuSc85,
    AUTHOR = {Muller, David E. and Schupp, Paul E.},
     TITLE = {The theory of ends, pushdown automata, and second-order logic},
   JOURNAL = TCS,
   FJOURNAL = {Theoretical Computer Science},
    VOLUME = {37},
      YEAR = {1985},
    NUMBER = {1},
     PAGES = {51--75},
}

@Article{Nabe76, 
author = "A.A. Nabebin",
title = "Multitape Automata in a Unary Alphabet",
journal = "Trudy Moskovskogo Ordena Lenina \`Energeticheskogo Instituta",
volume = "292",
year = "1976", 
pages = "7--11",
}

@Misc{NiTh05, 
	author = "A. Nies and R. Thomas",
	title = "{FA}-presentable groups and rings",
	note = "To appear",
	year = "2005",
}

Article{Nies, 
author    = {A. Nies},
title     = {{D}escribing {G}roups},
journal	= "Bulletin of Symbolic Logic",
}


@article{Nies07,
  author        = {A. Nies},
  title         = {Describing Groups},
 journal = BSL,
  volume        = {13},
  number        = {3},
  pages         = {305-339},
  year          = {2007},
}

@Book{Odif89a, 
author = "P. Odifreddi",
title = "Classical recursion theory. The theory of functions and sets of natural
numbers",
series = "Studies in Logic and the Foundations of Mathematics, 125",
publisher = "North-Holland",
year = "1989",
}

@Book{Odif89b, 
author = "P. Odifreddi",
title = "Classical recursion theory. Volume II",
series = "Studies in Logic and the Foundations of Mathematics, 143",
publisher = "North-Holland",
year = "1999",
}

@inproceedings{OlTh05, 
	author = "G. Oliver and R. Thomas", 
	title = "Automatic presentations of finitely generated groups", 
	booktitle = "STACS '05: Proceedings of the 22nd Annual Symposium on Theoretical Aspects of Computer Science", 
	publisher = "Springer-Verlag", 
	year = "2005", 
}

@article{Oppe78, 
    AUTHOR = {D.C. Oppen},
     TITLE = {A superexponential upper bound on the complexity of
              {P}resburger arithmetic},
   JOURNAL = {Journal of Computer and System Sciences},
    VOLUME = {16},
      YEAR = {1978},
    NUMBER = {3},
     PAGES = {323--332},
}

@article{Otto00, 
  title = {Epsilon-logic is more expressive than first-order logic over finite
           structures},
  journal = JSL,
  volume = {65},
  author = {M. Otto},
  year = {2000},
  pages = {1749-1757},
}

@Article{Rabi69, 
 author = "M.O. Rabin",
 title  = "Decidability of Second-Order Theories and Automata on Infinite Trees",
 journal = TAMS,
 volume = "141",
 year = "1969",
 pages = "1--35",
}

@article{RaSc59, 
    author = "M.O. Rabin and D. Scott",
     title = "Finite automata and their decision problems",
   journal = IBMJ,
    volume = "3",
      year = "1959",
     pages = "114--125",
}

@Article{Rubi,
author = {S. Rubin},
title = {Automata presenting structures: A survey of the finite-string case},
journal = BSL,
volume = "14",
number = "2",
pages = "169--209",
year = "2008",
}

@PhdThesis{Rubi04, 
author = "S. Rubin",
title = "Automatic structures",
school = "University of Auckland",
type = "PhD thesis",
year = "2004",
}

Article{Rubi99, 
author = "S. Rubin",
title = "Finite automata and well ordered sets",
journal = "New Zealand Journal of Computing",
volume = "7",
number = "2",
pages = "39-46",
year = "1999",
}

@Book{Roge67, 
 author = "H. Rogers",
 title = "Theory of recursive functions and effective computability",
 publisher = "McGraw-Hill", 
 year = "1967",
}

@Book{Rose82, 
 author = "J.G. Rosenstein",
 title = "Linear orderings",
 publisher = "Academic Press", 
 year = "1982",
}

@article{Rutt03,
    AUTHOR = {Rutten, J. J. M. M.},
     TITLE = {Coinductive counting with weighted automata},
      NOTE = {Weighted automata: theory and applications (Dresden, 2002)},
   JOURNAL = JALC,
    FJOURNAL = {Journal of Automata, Languages and Combinatorics},
    VOLUME = {8},
      YEAR = {2003},
    NUMBER = {2},
     PAGES = {319--352},
}

@Book{Sack90, 
 author = "G.E. Sacks",
 title = "Higher recursion theory",
 publisher = "Springer-Verlag", 
 year = "1990",
}

@InProceedings{SYZS92, 
 author = "A. Szilard and S. Yu and K. Zhang and
 J. Shallit",
 title = "Characterizing Regular Languages with Polynomial
 Densities",
 booktitle = "Mathematical Foundations of Computer Science 1992,
 17th International Symposium",
 year = "1992",
 series = "lncs",
 volume = "629",
 pages = "494--503",
}

@Book{SaSo78, 
 author = "A. Salomaa and M. Soittola",
 title = "Automata-theoretic aspects of formal power series",
 publisher = "Springer-Verlag",
 year = "1978",
} 

@article{Tarj81,
    AUTHOR = {Tarjan, Robert Endre},
     TITLE = {A unified approach to path problems},
   JOURNAL = {J. Assoc. Comput. Mach.},
  FJOURNAL = {Journal of the Association for Computing Machinery},
    VOLUME = {28},
      YEAR = {1981},
    NUMBER = {3},
     PAGES = {577--593},
}

@Article{Trah62, 
 author = "B.A. Trahtenbrot",
 journal = SJM,
 title = "Finite automata and the logic of one-place predicates. \text{Russian}",
 volume = "3",
 pages = "103--131",
 year = "1962",
 note = "English translation: 
American Mathematical Society Translations, Series 2, 59 (1966), 23-55.",
}

@Article{That66, 
 author = "J.W. Thatcher",
 journal = JSL,
 title = "Decision problems for multiple successor arithmetics",
 volume = "31",
 issue = "2",
 year = "1966",
 pages = "182--190"
}

@article{ThWr68, 
AUTHOR = {Thatcher, J. W. and Wright, J. B.},
TITLE = {Generalized finite automata theory with an application to a decision problem of second-order logic},
JOURNAL = MST,
VOLUME = {2}, 
YEAR = {1968}, 
PAGES = {57--81}, 
}

@incollection{Thom90,
  author    = {Wolfgang Thomas},
  title     = {Automata on Infinite Objects},
  booktitle = {Handbook of Theoretical Computer Science, Volume {B:} Formal Models
               and Sematics {(B)}},
  pages     = {133--192},
  year      = {1990},
  timestamp = {Thu, 03 Jan 2002 11:51:18 +0100},
  biburl    = {http://dblp.uni-trier.de/rec/bib/books/el/leeuwen90/Thomas90},
  bibsource = {dblp computer science bibliography, http://dblp.org},
  publisher = {Elsevier},
}


@inproceedings{Thom03,
    AUTHOR = {Thomas, Wolfgang},
     TITLE = {Constructing infinite graphs with a decidable {MSO}-theory},
 BOOKTITLE = MFCS,
    SERIES = LNCS,
    VOLUME = {2747},
     PAGES = {113--124},
 PUBLISHER = {Springer},
      YEAR = {2003},
}

@article{Vaan97, 
 author    = {Jouko A. V{\"a}{\"a}n{\"a}nen},
 title     = {Generalized Quantifiers.},
 journal   = BEATCS,
 volume    = {62},
 year      = {1997},
}

@article{Vaan04, 
 author    = {Jouko A. V{\"a}{\"a}n{\"a}nen},
 title     = {Barwise: Abstract model theory and generalized quantifiers.},
 journal   = BSL,
 volume    = {10},
 number    = {1},
 year      = {2004},
 pages     = {37-53},
}

@Article{Vill92, 
 author = "R. Villemaire",
 TITLE = "The theory of {$\langle {\bf N},+,V\sb k,V\sb l\rangle$} is undecidable",
 journal = TCS,
 volume = "106",
 year = "1992",
 pages = "337--349",
}

@article{vino05, 
AUTHOR = {Vinokurov, N. S.}, 
TITLE = {Complexity of some natural problems in automatic structures}, 
JOURNAL = {Rossi\u\i skaya Akademiya Nauk.  Sibirskoe Otdelenie. Institut Matematiki im. S. L.  Soboleva.  
	Sibirski\u\i\ Matematicheski\u\i\ Zhurnal}, 
VOLUME = {46}, 
YEAR = {2005}, 
NUMBER = {1}, 
PAGES = {71--78}, 
}


@Article{turan,
 author = "P. Tur{//a}n",
 journal = "Math. Fiz. Lapok",
 title = "On an extremal problem in graph theory",
 year = "1941",
 pages = "436--452",
}
 
@Article{KNRS04b, 
 author = "B. Khoussainov and A. Nies and S. Rubin and F. Stephan",
 title = "Automatic Structures: Richness and Limitations",
 pages = "44--53",
 journal= LICS,
 year = "2004",
}

@Misc{krspartial-report,
author = "B. Khoussainov and S. Rubin and F. Stephan",
title  = "Automatic linear orders and trees",
note = "CDMTCS technical report $208$, Department of Computer Science, University of Auckland",
year = "2003",
}
