@book{Reiter,
title = "Knowledge in Action: Logical Foundations for Specifying and Implementing
 Dynamical Systems",
 author = "Ray Reiter",
 publisher = "MIT Press",
 pages = {448},
 year = {2001},
 isbn = {ISBN 0-262-18218-1}
 }

@book{van2007dynamic,
  title={Dynamic epistemic logic},
    author={Van Ditmarsch, Hans and van Der Hoek, Wiebe and Kooi, Barteld},
      volume={337},
        year={2007},
          publisher={Springer Science \& Business Media}
          }


@article{Aucher:2009:GLG,
 author = {Aucher, Guillaume and Balbiani, Philippe and Fari\`{o}as del Cerro,
 Luis and Herzig, Andreas},
  title = {Global and Local Graph Modifiers},
   journal = {Electron. Notes Theor. Comput. Sci.},
    issue_date = {March, 2009},
     volume = {231},
      month = mar,
       year = {2009},
        issn = {1571-0661},
         pages = {293--307},
          numpages = {15},
           url = {http://dx.doi.org/10.1016/j.entcs.2009.02.042},
            doi = {10.1016/j.entcs.2009.02.042},
             acmid = {1518475},
              publisher = {Elsevier Science Publishers B. V.},
               address = {Amsterdam, The Netherlands, The Netherlands},
                keywords = {Public Announcement Logic, graph modifiers},
                }


@article{DBLP:journals/sigact/BloemJKKRVW16,
  author    = {Roderick Bloem and
                 Swen Jacobs and
                                Ayrat Khalimov and
                                               Igor Konnov and
                                                              Sasha Rubin and
                                                                             Helmut
                                                                             Veith
                                                                             and
                                                                                            Josef
                                                                                            Widder},
                                                                                              title
                                                                                              =
                                                                                              {Decidability
                                                                                              in
                                                                                              Parameterized
                                                                                              Verification},
                                                                                                journal
                                                                                                =
                                                                                                {{SIGACT}
                                                                                                News},
                                                                                                  volume
                                                                                                  =
                                                                                                  {47},
                                                                                                    number
                                                                                                    =
                                                                                                    {2},
                                                                                                      pages
                                                                                                      =
                                                                                                      {53--64},
                                                                                                        year
                                                                                                        =
                                                                                                        {2016},
                                                                                                          opturl
                                                                                                          =
                                                                                                          {http://optdoi.acm.org/10.1145/2951860.2951873},
                                                                                                            optdoi
                                                                                                            =
                                                                                                            {10.1145/2951860.2951873},
                                                                                                              timestamp
                                                                                                              =
                                                                                                              {Wed,
                                                                                                              08
                                                                                                              Jun
                                                                                                              2016
                                                                                                              11:00:58
                                                                                                              +0200},
                                                                                                                bibopturl
                                                                                                                =
                                                                                                                {http://dblp.uni-trier.de/rec/bib/journals/sigact/BloemJKKRVW16},
                                                                                                                  bibsource
                                                                                                                  =
                                                                                                                  {dblp
                                                                                                                  computer
                                                                                                                  science
                                                                                                                  bibliography,
                                                                                                                  http://dblp.org}
                                                                                                                  }

@article{DBLP:journals/tocl/MogaveroMPV14,
  author    = {Fabio Mogavero and
                 A. Murano and
                                Giuseppe Perelli and
                                               Moshe Y. Vardi},
                                                 title     = {Reasoning About
                                                 Strategies: On the
                                                 Model-Checking Problem},
                                                   journal   = {{ACM} Trans.
                                                   Comput. Log.},
                                                     volume    = {15},
                                                       number    = {4},
                                                         pages     =
                                                         {34:1--34:47},
                                                           year      = {2014},
                                                             url       =
                                                             {http://doi.acm.org/10.1145/2631917},
                                                               doi       =
                                                               {10.1145/2631917},
                                                                 timestamp =
                                                                 {Tue, 21 Apr
                                                                 2015 17:24:46
                                                                 +0200},
                                                                   biburl    =
                                                                   {http://dblp.uni-trier.de/rec/bib/journals/tocl/MogaveroMPV14},
                                                                     bibsource =
                                                                     {dblp
                                                                     computer
                                                                     science
                                                                     bibliography,
                                                                     http://dblp.org}
                                                                     }


@article{DBLP:journals/ai/ShohamT97,
  author    = {Yoav Shoham and
                 Moshe Tennenholtz},
                   title     = {On the Emergence of Social Conventions:
                   Modeling, Analysis, and Simulations},
                     journal   = {Artif. Intell.},
                       volume    = {94},
                         number    = {1-2},
                           pages     = {139--166},
                             year      = {1997},
                               url       =
                               {http://dx.doi.org/10.1016/S0004-3702(97)00028-3},
                                 doi       = {10.1016/S0004-3702(97)00028-3},
                                   timestamp = {Wed, 19 Nov 2003 16:01:18
                                   +0100},
                                     biburl    =
                                     {http://dblp.uni-trier.de/rec/bib/journals/ai/ShohamT97},
                                       bibsource = {dblp computer science
                                       bibliography, http://dblp.org}
                                       }


@incollection{harel1985development,
  title={On the development of reactive systems},
    author={Harel, David and Pnueli, Amir},
      booktitle={Logics and models of concurrent systems},
        pages={477--498},
          year={1985},
            publisher={Springer}
            }
@article{EssentialsOfGameTheoryBook,
                   author = {Kevin Leyton-Brown and Yoav Shoham},
    title     = {Essentials of Game Theory: {A} Concise, Multidisciplinary
    Introduction},
                                    journal   = {Knowledge Eng. Review},
                                      volume    = {24},
                                        number    = {4},
                                          pages     = {415--416},
                                            year      = {2009},
                                              url       =
                                              {http://dx.doi.org/10.1017/S0269888909990129},
                                                doi       =
                                                {10.1017/S0269888909990129},
                                                  timestamp = {Mon, 21 Dec 2009
                                                  12:14:38 +0100},
                                                    biburl    =
                                                    {http://dblp.uni-trier.de/rec/bib/journals/ker/Parsons09b},
                                                      bibsource = {dblp computer
                                                      science bibliography,
                                                      http://dblp.org}
                                                      }
@article{alur1994theory,
  title={A theory of timed automata},
    author={Alur, Rajeev and Dill, David L},
      journal={Theoretical computer science},
        volume={126},
          number={2},
            pages={183--235},
              year={1994},
                publisher={Elsevier}
                }


@inproceedings{DBLP:conf/lpar/AminofRZ15,
  author    = {B. Aminof and
               S. Rubin and
               F. Zuleger},
  title     = {On the Expressive Power of Communication Primitives in Parameterised
               Systems},
  booktitle = {Logic for Programming, Artificial Intelligence, and Reasoning - 20th
               International Conference, {LPAR-20} 2015, Suva, Fiji, November 24-28,
               2015, Proceedings},
  pages     = {313--328},
  year      = {2015},
  optcrossref  = {DBLP:conf/lpar/2015},
  opturl       = {http://dx.optdoi.org/10.1007/978-3-662-48899-7_22},
  optdoi       = {10.1007/978-3-662-48899-7_22},
  timestamp = {Wed, 02 Dec 2015 15:09:37 +0100},
  bibopturl    = {http://dblp.uni-trier.de/rec/bib/conf/lpar/AminofRZ15},
  bibsource = {dblp computer science bibliography, http://dblp.org}
}

@inproceedings{DBLP:conf/icalp/AminofRZS15,
  author    = {B. Aminof and
               S. Rubin and
Francesco Spegni and
               F. Zuleger},
  title     = {Liveness of Parameterized Timed Networks},
  booktitle = {Automata, Languages, and Programming - 42nd International Colloquium,
               {ICALP} 2015, Kyoto, Japan, July 6-10, 2015, Proceedings, Part {II}},
  pages     = {375--387},
  year      = {2015},
  optcrossref  = {DBLP:conf/icalp/2015-2},
  opturl       = {http://dx.optdoi.org/10.1007/978-3-662-47666-6_30},
  optdoi       = {10.1007/978-3-662-47666-6_30},
  timestamp = {Mon, 22 Jun 2015 12:04:57 +0200},
  bibopturl    = {http://dblp.uni-trier.de/rec/bib/conf/icalp/AminofRZS15},
  bibsource = {dblp computer science bibliography, http://dblp.org}
}

@article{van2003cooperation,
  title={Cooperation, knowledge, and time: Alternating-time temporal epistemic logic and its applications},
  author={van Der Hoek, Wiebe and Wooldridge, Michael},
  journal={Studia Logica},
  volume={75},
  number={1},
  pages={125--157},
  year={2003},
  publisher={Springer}
}


@inproceedings{KotekSVZ15,
  author    = {Tomer Kotek and
               Mantas Simkus and
               Helmut Veith and
               F. Zuleger},
  title     = {Extending {ALCQIO} with Trees},
  booktitle = {LICS},
  pages     = {511--522},
  year      = {2015}
}

@article{corr/KotekVZ15,
  author    = {Tomer Kotek and
               Helmut Veith and
               F. Zuleger},
  title     = {Monadic second order finite satisfiability and unbounded tree-width},
  journal   = {CoRR},
  volume    = {abs/1505.06622},
  year      = {2015}
}

@inproceedings{SinnZV15,
  author    = {Moritz Sinn and
               F. Zuleger and
               Helmut Veith},
  title     = {Difference Constraints: An adequate Abstraction for Complexity Analysis
               of Imperative Programs},
  booktitle = {FMCAD},
  pages     = {144--151},
  year      = {2015}
}

@inproceedings{SinnZV14,
  author    = {Moritz Sinn and
               F. Zuleger and
               Helmut Veith},
  title     = {A Simple and Scalable Static Analysis for Bound Analysis and Amortized
               Complexity Analysis},
  booktitle = {CAV},
  pages     = {745--761},
  year      = {2014}
}

@inproceedings{ColcombetDZ14,
  author    = {Thomas Colcombet and
               Laure Daviaud and
               F. Zuleger},
  title     = {Size-Change Abstraction and Max-Plus Automata},
  booktitle = {MFCS},
  pages     = {208--219},
  year      = {2014}
}


@inproceedings{LomuscioAAMAS06,
 author = {Lomuscio, Alessio and Raimondi, Franco},
 title = {The Complexity of Model Checking Concurrent Programs Against CTLK Specifications},
 booktitle = {Proceedings of the Fifth International Joint Conference on Autonomous Agents and Multiagent Systems},
 series = {AAMAS '06},
 year = {2006},
 isbn = {1-59593-303-4},
 location = {Hakodate, Japan},
 pages = {548--550},
 numpages = {3},
 url = {http://doi.acm.org/10.1145/1160633.1160733},
 doi = {10.1145/1160633.1160733},
 acmid = {1160733},
 publisher = {ACM},
 address = {New York, NY, USA},
 keywords = {complexity, model checking multi-agent systems},
}


@inproceedings{LQR09,
  author    = {Alessio Lomuscio and
               Hongyang Qu and
               Franco Raimondi},
  title     = {{MCMAS:} {A} Model Checker for the Verification of Multi-Agent Systems},
  booktitle = {Computer Aided Verification, 21st International Conference, {CAV}
               2009, Grenoble, France. Proceedings},
  pages     = {682--688},
  year      = {2009},
  crossref  = {DBLP:conf/cav/2009},
  url       = {http://dx.doi.org/10.1007/978-3-642-02658-4_55},
  doi       = {10.1007/978-3-642-02658-4_55},
  timestamp = {Thu, 25 Jun 2009 12:22:34 +0200},
  biburl    = {http://dblp.uni-trier.de/rec/bib/conf/cav/LomuscioQR09},
  bibsource = {dblp computer science bibliography, http://dblp.org}
}

@proceedings{DBLP:conf/cav/2009,
  title     = {Computer Aided Verification, 21st International Conference, {CAV}
               2009, Grenoble, France, June 26 - July 2, 2009. Proceedings},
  series    = {LNCS},
  volume    = {5643},
  publisher = {Springer},
  year      = {2009},
  url       = {http://dx.doi.org/10.1007/978-3-642-02658-4},
  doi       = {10.1007/978-3-642-02658-4},
  isbn      = {978-3-642-02657-7},
  timestamp = {Thu, 25 Jun 2009 12:21:10 +0200},
  biburl    = {http://dblp.uni-trier.de/rec/bib/conf/cav/2009},
  bibsource = {dblp computer science bibliography, http://dblp.org}
}


@article{DBLP:journals/amai/KowalskiS99,
  author    = {Robert A. Kowalski and
               Fariba Sadri},
  title     = {From Logic Programming Towards Multi-Agent Systems},
  journal   = {Ann. Math. Artif. Intell.},
  volume    = {25},
  number    = {3-4},
  pages     = {391--419},
  year      = {1999},
  url       = {http://dx.doi.org/10.1023/A:1018934223383},
  doi       = {10.1023/A:1018934223383},
  timestamp = {Wed, 18 May 2011 16:17:45 +0200},
  biburl    = {http://dblp.uni-trier.de/rec/bib/journals/amai/KowalskiS99},
  bibsource = {dblp computer science bibliography, http://dblp.org}
}


@article{DBLP:journals/ai/BuccafurriEGL99,
  author    = {Francesco Buccafurri and
               Thomas Eiter and
               Georg Gottlob and
               Nicola Leone},
  title     = {Enhancing Model Checking in Verification by {AI} Techniques},
  journal   = {Artif. Intell.},
  volume    = {112},
  number    = {1-2},
  pages     = {57--104},
  year      = {1999},
  url       = {http://dx.doi.org/10.1016/S0004-3702(99)00039-9},
  doi       = {10.1016/S0004-3702(99)00039-9},
  timestamp = {Wed, 19 Nov 2003 16:01:07 +0100},
  biburl    = {http://dblp.uni-trier.de/rec/bib/journals/ai/BuccafurriEGL99},
  bibsource = {dblp computer science bibliography, http://dblp.org}
}


@article{DBLP:journals/fuin/EiterEFS07,
  author    = {Thomas Eiter and
               Esra Erdem and
               Wolfgang Faber and
               J{\'{a}}n Senko},
  title     = {A Logic-Based Approach to Finding Explanations for Discrepancies in
               Optimistic Plan Execution},
  journal   = {Fundam. Inform.},
  volume    = {79},
  number    = {1-2},
  pages     = {25--69},
  year      = {2007},
  url       = {http://content.iospress.com/articles/fundamenta-informaticae/fi79-1-2-04},
  timestamp = {Mon, 18 May 2015 17:23:17 +0200},
  biburl    = {http://dblp.uni-trier.de/rec/bib/journals/fuin/EiterEFS07},
  bibsource = {dblp computer science bibliography, http://dblp.org}
}


@article{DBLP:journals/corr/SaribaturE16,
  author    = {Zeynep Gozen Saribatur and
               Thomas Eiter},
  title     = {Reactive Policies with Planning for Action Languages},
  journal   = {CoRR},
  volume    = {abs/1603.09495},
  year      = {2016},
  url       = {http://arxiv.org/abs/1603.09495},
  timestamp = {Sat, 02 Apr 2016 11:49:48 +0200},
  biburl    = {http://dblp.uni-trier.de/rec/bib/journals/corr/SaribaturE16},
  bibsource = {dblp computer science bibliography, http://dblp.org}
}


@inproceedings{DBLP:conf/ijcai/HuG11,
  author    = {Yuxiao Hu and
               Giuseppe {De Giacomo}},
  title     = {Generalized Planning: Synthesizing Plans that Work for Multiple Environments},
  booktitle = {{IJCAI} 2011, Proceedings of the 22nd International Joint Conference
               on Artificial Intelligence, Barcelona, Catalonia, Spain, July 16-22,
               2011},
  pages     = {918--923},
  year      = {2011},
  crossref  = {DBLP:conf/ijcai/2011},
  url       = {http://ijcai.org/papers11/Papers/IJCAI11-159.pdf},
  timestamp = {Tue, 09 Aug 2011 14:09:58 +0200},
  biburl    = {http://dblp.uni-trier.de/rec/bib/conf/ijcai/HuG11},
  bibsource = {dblp computer science bibliography, http://dblp.org}
}

@inproceedings{DBLP:conf/aips/GiacomoPS14,
  author    = {Giuseppe {De Giacomo} and
               Fabio Patrizi and
               Sebastian Sardi{\~{n}}a},
  title     = {Building Virtual Behaviors from Partially Controllable Available Behaviors
               in Nondeterministic Environments},
  booktitle = {Proceedings of the Twenty-Fourth International Conference on Automated
               Planning and Scheduling, {ICAPS} 2014, Portsmouth, New Hampshire,
               USA, June 21-26, 2014},
  year      = {2014},
  crossref  = {DBLP:conf/aips/2014},
  url       = {http://www.aaai.org/ocs/index.php/ICAPS/ICAPS14/paper/view/8665},
  timestamp = {Thu, 19 Nov 2015 08:52:28 +0100},
  biburl    = {http://dblp.uni-trier.de/rec/bib/conf/aips/GiacomoPS14},
  bibsource = {dblp computer science bibliography, http://dblp.org}
}

@proceedings{DBLP:conf/aips/2014,
  title     = {Proceedings of the Twenty-Fourth International Conference on Automated
               Planning and Scheduling, {ICAPS} 2014, Portsmouth, New Hampshire,
               USA, June 21-26, 2014},
  publisher = {{AAAI}},
  year      = {2014},
  url       = {http://www.aaai.org/Library/ICAPS/icaps14contents.php},
  isbn      = {978-1-57735-660-8},
  timestamp = {Thu, 19 Nov 2015 08:52:28 +0100},
  biburl    = {http://dblp.uni-trier.de/rec/bib/conf/aips/2014},
  bibsource = {dblp computer science bibliography, http://dblp.org}
}

@inproceedings{DBLP:conf/kr/FelliGL12,
  author    = {Paolo Felli and
               Giuseppe {De Giacomo} and
               Alessio Lomuscio},
  title     = {Synthesizing Agent Protocols From {LTL} Specifications Against Multiple
               Partially-Observable Environments},
  booktitle = {Principles of Knowledge Representation and Reasoning: Proceedings
               of the Thirteenth International Conference, {KR} 2012, Rome, Italy,
               June 10-14, 2012},
  year      = {2012},
  crossref  = {DBLP:conf/kr/2012},
  url       = {http://www.aaai.org/ocs/index.php/KR/KR12/paper/view/4549},
  timestamp = {Wed, 11 Jul 2012 11:19:36 +0200},
  biburl    = {http://dblp.uni-trier.de/rec/bib/conf/kr/FelliGL12},
  bibsource = {dblp computer science bibliography, http://dblp.org}
}

@proceedings{DBLP:conf/kr/2012,
  title     = {Principles of Knowledge Representation and Reasoning: Proceedings
               of the Thirteenth International Conference, {KR} 2012, Rome, Italy,
               June 10-14, 2012},
  publisher = {{AAAI} Press},
  year      = {2012},
  isbn      = {978-1-57735-560-1},
  timestamp = {Wed, 11 Jul 2012 10:51:15 +0200},
  biburl    = {http://dblp.uni-trier.de/rec/bib/conf/kr/2012},
  bibsource = {dblp computer science bibliography, http://dblp.org}
}

@inproceedings{DBLP:conf/ijcai/GiacomoLP13,
  author    = {Giuseppe {De Giacomo} and
               Yves Lesp{\'{e}}rance and
               Fabio Patrizi},
  title     = {Bounded Epistemic Situation Calculus Theories},
  booktitle = {{IJCAI} 2013, Proceedings of the 23rd International Joint Conference
               on Artificial Intelligence, Beijing, China, August 3-9, 2013},
  year      = {2013},
  crossref  = {DBLP:conf/ijcai/2013},
  url       = {http://www.aaai.org/ocs/index.php/IJCAI/IJCAI13/paper/view/6649},
  timestamp = {Tue, 20 Aug 2013 21:19:24 +0200},
  biburl    = {http://dblp.uni-trier.de/rec/bib/conf/ijcai/GiacomoLP13},
  bibsource = {dblp computer science bibliography, http://dblp.org}
}

@inproceedings{odell2002modeling,
  title={Modeling agents and their environment},
  author={Odell, James J and Parunak, H Van Dyke and Fleischer, Mitch and Brueckner, Sven},
  booktitle={International Workshop on Agent-Oriented Software Engineering},
  pages={16--31},
  year={2002},
  organization={Springer}
}

@inproceedings{weyns2004environments,
  title={Environments for multiagent systems state-of-the-art and research challenges},
  author={Weyns, Danny and Parunak, H Van Dyke and Michel, Fabien and Holvoet, Tom and Ferber, Jacques},
  booktitle={International Workshop on Environments for Multi-Agent Systems},
  pages={1--47},
  year={2004},
  organization={Springer}
}


@article{DBLP:journals/aamas/WeynsOO07,
  author    = {Danny Weyns and
               Andrea Omicini and
               James Odell},
  title     = {Environment as a first class abstraction in multiagent systems},
  journal   = {Autonomous Agents and Multi-Agent Systems},
  volume    = {14},
  number    = {1},
  pages     = {5--30},
  year      = {2007},
  url       = {http://dx.doi.org/10.1007/s10458-006-0012-0},
  doi       = {10.1007/s10458-006-0012-0},
  timestamp = {Wed, 07 Feb 2007 13:26:17 +0100},
  biburl    = {http://dblp.uni-trier.de/rec/bib/journals/aamas/WeynsOO07},
  bibsource = {dblp computer science bibliography, http://dblp.org}
}
@InProceedings{vanderMeyden2005,
  Title                    = {Synthesis of Distributed Systems from Knowledge-Based Specifications},
  Author                   = {R. van der Meyden and T. Wilke},
  Pages                    = {562--576},
  Publisher                = Springer,
  Booktitle                = CONCUR # "05",
 series    = "LNCS 3653",
 Year                     = {2005}
}

@Article{LMR08,
  Title                    = {Knowledge in Multiagent Systems: Initial Configurations and Broadcast},
  Author                   = {Lomuscio, Alessio R. and van der Meyden, Ron and Ryan, Mark},
  Journal                  = {ACM Trans. Comput. Logic},
  Year                     = {2000},

  Month                    = oct,
  Number                   = {2},
  Pages                    = {247--284},
  Volume                   = {1},

  Acmid                    = {359527},
  Address                  = {New York, NY, USA},
  Doi                      = {10.1145/359496.359527},
  ISSN                     = {1529-3785},
  Issue_date               = {Oct. 2000},
  Keywords                 = {completeness, computational complexity},
  Numpages                 = {38},
  Publisher                = {ACM},
  Url                      = {http://doi.acm.org/10.1145/359496.359527}
}

@Inbook{gradel99,
author="Gr{\"a}del, Erich",
title="Decision Procedures for Guarded Logics",
bookTitle="Automated Deduction --- CADE-16: 16th International Conference on Automated Deduction Trento, Italy, July 7--10, 1999 Proceedings",
year="1999",
publisher="Springer Berlin Heidelberg",
address="Berlin, Heidelberg",
pages="31--51",
isbn="978-3-540-48660-2",
doi="10.1007/3-540-48660-7_3",
url="http://dx.doi.org/10.1007/3-540-48660-7_3"
}


@proceedings{DBLP:conf/ijcai/2013,
  title     = {{IJCAI} 2013, Proceedings of the 23rd International Joint Conference
               on Artificial Intelligence, Beijing, China, August 3-9, 2013},
  publisher = {{IJCAI/AAAI}},
  year      = {2013},
  isbn      = {978-1-57735-633-2},
  timestamp = {Tue, 20 Aug 2013 19:20:23 +0200},
  biburl    = {http://dblp.uni-trier.de/rec/bib/conf/ijcai/2013},
  bibsource = {dblp computer science bibliography, http://dblp.org}
}

@inproceedings{DBLP:journals/corr/AminofR14,
  author    = {B. Aminof and
               S. Rubin},
  title     = {First Cycle Games},
  booktitle = {Proceedings 2nd International Workshop on Strategic Reasoning, {SR}
               2014, Grenoble, France, April 5-6, 2014.},
  pages     = {83--90},
  year      = {2014},
  optcrossref  = {DBLP:journals/corr/MogaveroMV14},
  opturl       = {http://dx.optdoi.org/10.4204/EPTCS.146.11},
  optdoi       = {10.4204/EPTCS.146.11},
  timestamp = {Fri, 02 May 2014 14:35:37 +0200},
  bibopturl    = {http://dblp.uni-trier.de/rec/bib/journals/corr/AminofR14},
  bibsource = {dblp computer science bibliography, http://dblp.org}
}


@inproceedings{AMMR16-AAMAS,
  author    = {B. Aminof and
               V. Malvone and
               A. Murano and
               S. Rubin},
  title     = {Graded Strategy Logic},
booktitle = {Intl. Conf. on Autonomous Agents and Multiagent Systems (AAMAS)
               Singapore},
  pages     = {698--706},
  year      = {2016},
 }


@inproceedings{DBLP:journals/corr/BloemEJK14,
  author    = {Roderick Bloem and
               R{\"{u}}diger Ehlers and
               Swen Jacobs and
               Robert K{\"{o}}nighofer},
  title     = {How to Handle Assumptions in Synthesis},
  booktitle = {Proceedings 3rd Workshop on Synthesis, {SYNT} 2014, Vienna, Austria,
               July 23-24, 2014.},
  pages     = {34--50},
  year      = {2014},
  crossref  = {DBLP:journals/corr/ChatterjeeEJ14},
  url       = {http://dx.doi.org/10.4204/EPTCS.157.7},
  doi       = {10.4204/EPTCS.157.7},
  timestamp = {Tue, 05 Aug 2014 16:36:29 +0200},
  biburl    = {http://dblp.uni-trier.de/rec/bib/journals/corr/BloemEJK14},
  bibsource = {dblp computer science bibliography, http://dblp.org}
}

@proceedings{DBLP:journals/corr/ChatterjeeEJ14,
  title     = {Proceedings 3rd Workshop on Synthesis, {SYNT} 2014, Vienna, Austria,
               July 23-24, 2014},
  series    = {{EPTCS}},
  volume    = {157},
  year      = {2014},
  url       = {http://dx.doi.org/10.4204/EPTCS.157},
  doi       = {10.4204/EPTCS.157},
  timestamp = {Tue, 05 Aug 2014 16:36:29 +0200},
  biburl    = {http://dblp.uni-trier.de/rec/bib/journals/corr/ChatterjeeEJ14},
  bibsource = {dblp computer science bibliography, http://dblp.org}
}



@inproceedings{DBLP:conf/concur/Ben-DavidFR07,
  author    = {Shoham Ben{-}David and
               Dana Fisman and
               Sitvanit Ruah},
  title     = {Temporal Antecedent Failure: Refining Vacuity},
  booktitle = {{CONCUR} 2007 - Concurrency Theory, 18th International Conference,
               {CONCUR} 2007, Lisbon, Portugal, September 3-8, 2007, Proceedings},
  pages     = {492--506},
  year      = {2007},
  crossref  = {DBLP:conf/concur/2007},
  url       = {http://dx.doi.org/10.1007/978-3-540-74407-8_33},
  doi       = {10.1007/978-3-540-74407-8_33},
  timestamp = {Tue, 21 Aug 2007 14:21:38 +0200},
  biburl    = {http://dblp.uni-trier.de/rec/bib/conf/concur/Ben-DavidFR07},
  bibsource = {dblp computer science bibliography, http://dblp.org}
}

@proceedings{DBLP:conf/concur/2007,
  title     = {{CONCUR} 2007 - Concurrency Theory, 18th International Conference,
               {CONCUR} 2007, Lisbon, Portugal, September 3-8, 2007, Proceedings},
  series    = {LNCS},
  volume    = {4703},
  publisher = {Springer},
  year      = {2007},
  isbn      = {978-3-540-74406-1},
  timestamp = {Tue, 21 Aug 2007 14:21:38 +0200},
  biburl    = {http://dblp.uni-trier.de/rec/bib/conf/concur/2007},
  bibsource = {dblp computer science bibliography, http://dblp.org}
}



@article{DBLP:journals/fmsd/Ben-DavidCFR15,
  author    = {Shoham Ben{-}David and
               Fady Copty and
               Dana Fisman and
               Sitvanit Ruah},
  title     = {Vacuity in practice: temporal antecedent failure},
  journal   = {Formal Methods in System Design},
  volume    = {46},
  number    = {1},
  pages     = {81--104},
  year      = {2015},
  url       = {http://dx.doi.org/10.1007/s10703-014-0221-0},
  doi       = {10.1007/s10703-014-0221-0},
  timestamp = {Wed, 04 Feb 2015 13:57:09 +0100},
  biburl    = {http://dblp.uni-trier.de/rec/bib/journals/fmsd/Ben-DavidCFR15},
  bibsource = {dblp computer science bibliography, http://dblp.org}
}



@incollection{DBLP:reference/fai/HoekW08,
  author    = {Wiebe van der Hoek and
               Michael Wooldridge},
  title     = {Multi-Agent Systems},
  booktitle = {Handbook of Knowledge Representation},
  pages     = {887--928},
  year      = {2008},
  crossref  = {DBLP:reference/fai/3},
  url       = {http://dx.doi.org/10.1016/S1574-6526(07)03024-6},
  doi       = {10.1016/S1574-6526(07)03024-6},
  timestamp = {Fri, 16 Oct 2015 09:55:56 +0200},
  biburl    = {http://dblp.uni-trier.de/rec/bib/reference/fai/HoekW08},
  bibsource = {dblp computer science bibliography, http://dblp.org}
}

@book{DBLP:reference/fai/3,
  title     = {Handbook of Knowledge Representation},
  booktitle = {Handbook of Knowledge Representation},
  series    = {Foundations of Artificial Intelligence},
  volume    = {3},
  publisher = {Elsevier},
  year      = {2008},
  url       = {http://www.sciencedirect.com/science/bookseries/15746526/3},
  isbn      = {978-0-444-52211-5},
  timestamp = {Fri, 16 Oct 2015 09:55:56 +0200},
  biburl    = {http://dblp.uni-trier.de/rec/bib/reference/fai/3},
  bibsource = {dblp computer science bibliography, http://dblp.org}
}

@book{DBLP:books/daglib/0023784,
  author    = {Michael J. Wooldridge},
  title     = {An Introduction to MultiAgent Systems {(2.} ed.)},
  publisher = {Wiley},
  year      = {2009},
  isbn      = {978-0-470-51946-2},
  timestamp = {Wed, 09 Feb 2011 12:55:18 +0100},
  biburl    = {http://dblp.uni-trier.de/rec/bib/books/daglib/0023784},
  bibsource = {dblp computer science bibliography, http://dblp.org}
}


@inproceedings{DBLP:conf/lori/AgotnesHHW13,
  author    = {Thomas {\AA}gotnes and
               Paul Harrenstein and
               Wiebe van der Hoek and
               Michael Wooldridge},
  title     = {Boolean Games with Epistemic Goals},
  booktitle = {Logic, Rationality, and Interaction - 4th International Workshop,
               {LORI} 2013, Hangzhou, China, October 9-12, 2013, Proceedings},
  pages     = {1--14},
  year      = {2013},
  crossref  = {DBLP:conf/lori/2013},
  url       = {http://dx.doi.org/10.1007/978-3-642-40948-6_1},
  doi       = {10.1007/978-3-642-40948-6_1},
  timestamp = {Tue, 15 Oct 2013 14:51:48 +0200},
  biburl    = {http://dblp.uni-trier.de/rec/bib/conf/lori/AgotnesHHW13},
  bibsource = {dblp computer science bibliography, http://dblp.org}
}

@proceedings{DBLP:conf/lori/2013,
  title     = {Logic, Rationality, and Interaction - 4th International Workshop,
               {LORI} 2013, Hangzhou, China, October 9-12, 2013, Proceedings},
  series    = {LNCS},
  volume    = {8196},
  publisher = {Springer},
  year      = {2013},
  url       = {http://dx.doi.org/10.1007/978-3-642-40948-6},
  doi       = {10.1007/978-3-642-40948-6},
  isbn      = {978-3-642-40947-9},
  timestamp = {Tue, 15 Oct 2013 14:46:02 +0200},
  biburl    = {http://dblp.uni-trier.de/rec/bib/conf/lori/2013},
  bibsource = {dblp computer science bibliography, http://dblp.org}
}

@inproceedings{DBLP:conf/kr/GutierrezPW16,
  author    = {Julian Gutierrez and
               Giuseppe Perelli and
               Michael Wooldridge},
  title     = {Imperfect Information in Reactive Modules Games},
  booktitle = {Principles of Knowledge Representation and Reasoning: Proceedings
               of the Fifteenth International Conference, {KR} 2016, Cape Town, South
               Africa, April 25-29, 2016.},
  pages     = {390--400},
  year      = {2016},
  timestamp = {Thu, 21 Apr 2016 20:01:05 +0200},
  biburl    = {http://dblp.uni-trier.de/rec/bib/conf/kr/GutierrezPW16},
  bibsource = {dblp computer science bibliography, http://dblp.org}
}

@inproceedings{DBLP:conf/aaai/WooldridgeGHMPT16,
  author    = {Michael Wooldridge and
               Julian Gutierrez and
               Paul Harrenstein and
               Enrico Marchioni and
               Giuseppe Perelli and
               Alexis Toumi},
  title     = {Rational Verification: From Model Checking to Equilibrium Checking},
  booktitle = {Proceedings of the Thirtieth {AAAI} Conference on Artificial Intelligence,
               February 12-17, 2016, Phoenix, Arizona, {USA.}},
  pages     = {4184--4191},
  year      = {2016},
  crossref  = {DBLP:conf/aaai/2016},
  url       = {http://www.aaai.org/ocs/index.php/AAAI/AAAI16/paper/view/12268},
  timestamp = {Thu, 21 Apr 2016 19:28:00 +0200},
  biburl    = {http://dblp.uni-trier.de/rec/bib/conf/aaai/WooldridgeGHMPT16},
  bibsource = {dblp computer science bibliography, http://dblp.org}
}

@proceedings{DBLP:conf/aaai/2016,
  title     = {Proceedings of the Thirtieth {AAAI} Conference on Artificial Intelligence,
               February 12-17, 2016, Phoenix, Arizona, {USA}},
  publisher = {{AAAI} Press},
  year      = {2016},
  url       = {http://www.aaai.org/Library/AAAI/aaai16contents.php},
  timestamp = {Thu, 21 Apr 2016 17:32:26 +0200},
  biburl    = {http://dblp.uni-trier.de/rec/bib/conf/aaai/2016},
  bibsource = {dblp computer science bibliography, http://dblp.org}
}


@article{KVW16:IandC,
author={Konnov, Igor and Veith, Helmut and Widder, Josef},
title={On the Completeness of Bounded Model Checking for Threshold-Based Distributed Algorithms: Reachability},
year={2016},
journal={Information and Computation},
url={http://dx.doi.org/10.1016/j.ic.2016.03.006},
note={Accepted manuscript available online: 10-MAR-2016}
}

@inproceedings{KVW16:psi,
  author    = {Konnov, Igor and Veith, Helmut and Widder, Josef},
  title     = {What You Always Wanted to Know about Model Checking
             of Fault-Tolerant Distributed Algorithms (invited talk)},
  booktitle   = {{PSI} 2015. Revised Selected Papers},
  year = {2016},
  url={http://forsyte.at/download/kvw-psi15.pdf},
  series = {LNCS},
  note = {to appear}
}


@inproceedings{KVW15:CAV,
  author    = {Konnov, Igor and Veith, Helmut and Widder, Josef},
  title     = {SMT and POR beat Counter Abstraction:
                Parameterized Model Checking of Threshold-Based
                Distributed Algorithms},
  booktitle   = {CAV (Part~I)},
    volume = {9206},
      series = {LNCS},
        pages = {85--102},
          year = {2015},
  url       = {http://forsyte.at/download/konnov-cav15.pdf}
}

@misc{KVW15:EC2,
    author  = {Konnov, Igor and Veith, Helmut and Widder, Josef},
    title   = {Challenges in Model Checking of Fault-tolerant Designs in TLA+},
    howpublished = {Presentation at the 8th International
        Workshop on Exploiting Concurrency Efficiently and Correctly,
        San Francisco, CA, USA, July},
    year    = {2015},
    url = { http://multicore.doc.ic.ac.uk/events/ec2/KonnovVeithWidder.pdf }
}



@incollection{KVW14,
author={Konnov, Igor and Veith, Helmut and Widder, Josef},
title={On the Completeness of Bounded Model Checking for Threshold-Based Distributed Algorithms: Reachability},
year={2014},
isbn={978-3-662-44583-9},
booktitle={CONCUR 2014 --- Concurrency Theory},
volume={8704},
series={LNCS},
pages={125-140},
url={http://dx.doi.org/10.1007/978-3-662-44584-6_10},
}


@inproceedings{GKSVW14:SFM,
  author = 	 {Annu Gmeiner and Igor Konnov
        and Ulrich Schmid and Helmut Veith and Josef Widder},
  title = 	 {Tutorial on Parameterized Model Checking of Fault-Tolerant Distributed
  Algorithms},
  booktitle = 	 {Formal Methods for Executable Software Models},
  OPTcrossref =  {},
  OPTkey = 	 {},
  pages = 	 {122--171},
  publisher = {Springer},
  year = 	 {2014},
  OPTeditor = 	 {},
  OPTvolume = 	 {8483},
  OPTnumber = 	 {},
  series = 	 {LNCS},
  OPTtype = 	 {},
  OPTchapter = 	 {},
  OPTaddress = 	 {},
  OPTedition = 	 {},
  OPTmonth = 	 {},
  url = 	 {http://forsyte.at/download/GKSVW14.pdf},
  OPTannote = 	 {}
}

@inproceedings{JohnKSVW13:fmcad,
  author    = {Annu John and
               Igor Konnov and
               Ulrich Schmid and
               Helmut Veith and
               Josef Widder},
  title     = {Parameterized model checking of fault-tolerant
               distributed algorithms by abstraction},
  booktitle = {FMCAD},
  year      = {2013},
  pages     = {201--209},
  url = {http://www.cs.utexas.edu/users/hunt/FMCAD/FMCAD13/papers/10-Model-Checking-Fault-Tolerant-Distributed-Algo.pdf}
}

@inproceedings{DBLP:conf/podc/JohnKSVW13,
  author    = {Annu John and
               Igor Konnov and
               Ulrich Schmid and
               Helmut Veith and
               Josef Widder},
  title     = {Brief announcement: parameterized model checking of fault-tolerant
               distributed algorithms by abstraction},
  booktitle = {PODC},
  year      = {2013},
  pages     = {119--121},
  url = {http://dl.acm.org/ft_gateway.cfm?id=2484285&ftid=1382008&dwn=1&CFID=235242276&CFTOKEN=15911765}
}

@inproceedings{JKSVW13:SPIN,
    author    = {Annu John and Igor Konnov
        and Ulrich Schmid and Helmut Veith and Josef Widder},
    title     = {Towards Modeling and Model Checking Fault-Tolerant Distributed
Algorithms},
  year = 	 {2013},
  OPTkey = 	 {},
  booktitle = {SPIN},
  OPTeditor = 	 {},
  volume = 	 {7976},
  pages = {209--226},
  OPTnumber = 	 {},
  series = 	 {LNCS},
  OPTaddress = 	 {},
  OPTmonth = 	 {},
  OPTorganization = {},
  OPTpublisher = {},
  url = 	 {http://forsyte.at/wp-content/uploads/spin13.pdf}
}

@ARTICLE{2012arXiv1210.3847J,
   author = {{John}, Annu and {Konnov}, Igor and {Schmid}, Ulrich and {Veith}, Helmut and
	{Widder}, Josef},
    title = "{Counter Attack on Byzantine Generals: Parameterized Model Checking of Fault-tolerant Distributed Algorithms}",
  journal = {ArXiv e-prints},
     year = 2012,
    month = {October},
  url = {http://arxiv.org/abs/1210.3846}
}

@ARTICLE{2012arXiv1210.3839J,
   author = {{John}, Annu and {Konnov}, Igor and {Schmid}, Ulrich and {Veith}, Helmut and
	{Widder}, Josef},
    title = "{Starting a Dialog between Model Checking and Fault-tolerant Distributed Algorithms}",
  journal = {ArXiv e-prints},
     year = 2012,
    month = {October},
  url = {http://arxiv.org/abs/1210.3839}
}

@Misc{KVW12,
  author =       {Igor Konnov and Helmut Veith and Josef Widder},
  title =        {Who is afraid of Model Checking Distributed Algorithms?},
  OPTcrossref =  {},
  OPTkey =       {},
  OPTpages =     {},
  year =         {2012},
  OPTeditor =    {},
  OPTvolume =    {},
  OPTnumber =    {},
  OPTseries =    {},
  OPTaddress =   {},
  OPTmonth =     {},
  OPTorganization = {},
  OPTpublisher = {},
  howpublished =         {Presentation at the CAV Workshop {(EC)^2}},
  url = {http://forsyte.at/wp-content/uploads/2012/07/ec2-konnov.pdf},
  OPTannote =    {}
}


@article{Linial92,
  author    = {Nathan Linial},
  title     = {Locality in Distributed Graph Algorithms},
  journal   = {{SIAM} J. Comput.},
  volume    = {21},
  number    = {1},
  pages     = {193--201},
  year      = {1992},
  url       = {http://dx.doi.org/10.1137/0221015},
  doi       = {10.1137/0221015},
  timestamp = {Mon, 12 Sep 2011 16:10:08 +0200},
  biburl    = {http://dblp.uni-trier.de/rec/bib/journals/siamcomp/Linial92},
  bibsource = {dblp computer science bibliography, http://dblp.org}
}



@inproceedings{DBLP:conf/ijcai/GiacomoV15,
  author    = {Giuseppe {De Giacomo} and
               Moshe Y. Vardi},
  title     = {Synthesis for {LTL} and {LDL} on Finite Traces},
  booktitle = {Proceedings of the Twenty-Fourth International Joint Conference on
               Artificial Intelligence, {IJCAI} 2015, Buenos Aires, Argentina, July
               25-31, 2015},
  pages     = {1558--1564},
  year      = {2015},
  crossref  = {DBLP:conf/ijcai/2015},
  url       = {http://ijcai.org/Abstract/15/223},
  timestamp = {Mon, 11 Apr 2016 15:02:18 +0200},
  biburl    = {http://dblp.uni-trier.de/rec/bib/conf/ijcai/GiacomoV15},
  bibsource = {dblp computer science bibliography, http://dblp.org}
}

@inproceedings{DBLP:conf/ijcai/HerzigLMT11,
  author    = {Andreas Herzig and
               Emiliano Lorini and
               Fr{\'{e}}d{\'{e}}ric Moisan and
               Nicolas Troquard},
  title     = {A Dynamic Logic of Normative Systems},
  booktitle = {{IJCAI} 2011, Proceedings of the 22nd International Joint Conference
               on Artificial Intelligence, Barcelona, Catalonia, Spain, July 16-22,
               2011},
  pages     = {228--233},
  year      = {2011},
  crossref  = {DBLP:conf/ijcai/2011},
  url       = {http://dx.doi.org/10.5591/978-1-57735-516-8/IJCAI11-049},
  doi       = {10.5591/978-1-57735-516-8/IJCAI11-049},
  timestamp = {Wed, 20 Jul 2016 14:35:20 +0200},
  biburl    = {http://dblp.uni-trier.de/rec/bib/conf/ijcai/HerzigLMT11},
  bibsource = {dblp computer science bibliography, http://dblp.org}
}

@article{DBLP:journals/ai/ShohamT95,
  author    = {Yoav Shoham and
               Moshe Tennenholtz},
  title     = {On Social Laws for Artificial Agent Societies: Off-Line Design},
  journal   = {Artif. Intell.},
  volume    = {73},
  number    = {1-2},
  pages     = {231--252},
  year      = {1995},
  url       = {http://dx.doi.org/10.1016/0004-3702(94)00007-N},
  doi       = {10.1016/0004-3702(94)00007-N},
  timestamp = {Wed, 19 Nov 2003 16:01:18 +0100},
  biburl    = {http://dblp.uni-trier.de/rec/bib/journals/ai/ShohamT95},
  bibsource = {dblp computer science bibliography, http://dblp.org}
}


@proceedings{DBLP:conf/ijcai/2015,
  title     = {Proceedings of the Twenty-Fourth International Joint Conference on
               Artificial Intelligence, {IJCAI} 2015, Buenos Aires, Argentina, July
               25-31, 2015},
  publisher = {{AAAI} Press},
  year      = {2015},
  isbn      = {978-1-57735-738-4},
  timestamp = {Mon, 20 Jul 2015 19:11:50 +0200},
  biburl    = {http://dblp.uni-trier.de/rec/bib/conf/ijcai/2015},
  bibsource = {dblp computer science bibliography, http://dblp.org}
}

@inproceedings{DBLP:conf/ijcai/AgotnesHRSW07,
  author    = {Thomas {\AA}gotnes and
               Wiebe van der Hoek and
               Juan A. Rodr{\'{\i}}guez{-}Aguilar and
               Carles Sierra and
               Michael Wooldridge},
  title     = {On the Logic of Normative Systems},
  booktitle = {{IJCAI} 2007, Proceedings of the 20th International Joint Conference
               on Artificial Intelligence, Hyderabad, India, 2007},
  pages     = {1175--1180},
  year      = {2007},
  crossref  = {DBLP:conf/ijcai/2007},
  url       = {http://ijcai.org/Proceedings/07/Papers/190.pdf},
  timestamp = {Wed, 20 Jul 2016 13:58:40 +0200},
  biburl    = {http://dblp.uni-trier.de/rec/bib/conf/ijcai/AgotnesHRSW07},
  bibsource = {dblp computer science bibliography, http://dblp.org}
}

@proceedings{DBLP:conf/ijcai/2007,
  title     = {{IJCAI} 2007, Proceedings of the 20th International Joint Conference
               on Artificial Intelligence, Hyderabad, India, January 6-12, 2007},
  year      = {2007},
  url       = {http://ijcai.org/proceedings/2007},
  timestamp = {Wed, 20 Jul 2016 13:58:40 +0200},
  biburl    = {http://dblp.uni-trier.de/rec/bib/conf/ijcai/2007},
  bibsource = {dblp computer science bibliography, http://dblp.org}
}



@inproceedings{DBLP:conf/woa/MuranoS15,
  author    = {A. Murano and
               Loredana Sorrentino},
  title     = {A Game-based Model for Human-robots Interaction},
  booktitle = {Proceedings of the 16th Workshop "From Objects to Agents", Naples,
               Italy, June 17-19, 2015.},
  pages     = {146--150},
  year      = {2015},
  crossref  = {DBLP:conf/woa/2015},
  url       = {http://ceur-ws.org/Vol-1382/paper23.pdf},
  timestamp = {Mon, 29 Jun 2015 12:56:49 +0200},
  biburl    = {http://dblp.uni-trier.de/rec/bib/conf/woa/MuranoS15},
  bibsource = {dblp computer science bibliography, http://dblp.org}
}

@article{FV59,
  title={The first-order properties of products of algebraic systems},
  author={Feferman, Solomon and Vaught, Robert L},
  journal={Fundamenta Mathematica},
  number = {47},
  page = {57--103},
  year={1959}
}


@proceedings{DBLP:conf/woa/2015,
  title     = {Proceedings of the 16th Workshop "From Objects to Agents", Naples,
               Italy, June 17-19, 2015},
  series    = {{CEUR} Workshop Proceedings},
  volume    = {1382},
  publisher = {CEUR-WS.org},
  year      = {2015},
  url       = {http://ceur-ws.org/Vol-1382},
  timestamp = {Mon, 29 Jun 2015 12:56:15 +0200},
  biburl    = {http://dblp.uni-trier.de/rec/bib/conf/woa/2015},
  bibsource = {dblp computer science bibliography, http://dblp.org}
}


@book{vNM07,
  author    = {John von Neumann and
               Oskar Morgenstern},
  title     = {Theory of Games and Economic Behavior (60th-Anniversary Edition)},
  publisher = {Princeton University Press},
  year      = {2007},
  url       = {http://press.princeton.edu/titles/7802.html},
  isbn      = {978-0-691-13061-3},
  timestamp = {Fri, 02 Sep 2011 15:11:47 +0200},
  biburl    = {http://dblp.uni-trier.de/rec/bib/books/daglib/0027240},
  bibsource = {dblp computer science bibliography, http://dblp.org}
}


@book{Vlassis09Book,
  author    = {Nikos Vlassis},
  title     = {A Concise Introduction to Multiagent Systems and Distributed Artificial
               Intelligence},
  booktitle = {A Concise Introduction to Multiagent Systems and Distributed Artificial
               Intelligence},
  series    = {Synthesis Lectures on Artificial Intelligence and Machine Learning},
  year      = {2009},
  url       = {http://dx.doi.org/10.2200/S00091ED1V01Y200705AIM002},
  doi       = {10.2200/S00091ED1V01Y200705AIM002},
  timestamp = {Sat, 07 Nov 2009 11:02:26 +0100},
  biburl    = {http://dblp.uni-trier.de/rec/bib/series/synthesis/2007Vlassis},
  bibsource = {dblp computer science bibliography, http://dblp.org}
}


@proceedings{AGS2010,
  title     = {Agents for Games and Simulations {II} - Trends in Techniques, Concepts
               and Design {[AGS} 2010, The Second International Workshop on Agents
               for Games and Simulations, May 10, 2010, Toronto, Canada]},
  series    = {LNCS},
  volume    = {6525},
  publisher = {Springer},
  year      = {2011},
  url       = {http://dx.doi.org/10.1007/978-3-642-18181-8},
  doi       = {10.1007/978-3-642-18181-8},
  isbn      = {978-3-642-18180-1},
  timestamp = {Mon, 16 May 2011 17:41:57 +0200},
  biburl    = {http://dblp.uni-trier.de/rec/bib/conf/ags/2010},
  bibsource = {dblp computer science bibliography, http://dblp.org}
}


@article{GoogleCar,
  title={How google’s self-driving car works},
  author={Guizzo, Erico},
  journal={IEEE Spectrum Online, October},
  volume={18},
  year={2011}
}

@inproceedings{PnRo89,
  author    = {Amir Pnueli and
               Roni Rosner},
  title     = {On the Synthesis of a Reactive Module},
  booktitle = {Proc.\ of {POPL 1989}},
  pages     = {179--190},
  year      = {1989}
}



@book{RuNo10,
  author    = {Stuart J. Russell and
               Peter Norvig},
  title     = {Artificial Intelligence - {A} Modern Approach {(3.} internat. ed.)},
  publisher = {Pearson Education},
  year      = {2010},
  url       = {http://vig.pearsoned.com/store/product/1,1207,store-12521_isbn-0136042597,00.html},
  isbn      = {978-0-13-207148-2},
  timestamp = {Fri, 04 Feb 2011 09:56:38 +0100},
  biburl    = {http://dblp.uni-trier.de/rec/bib/books/daglib/0023820},
  bibsource = {dblp computer science bibliography, http://dblp.org}
}

@article{Lin14,
journal = {Unmanned Systems},
volume = {2},
issue= {2},
year = {2014},
title = {Mission Accomplished: An Introduction to Formal Methods in Mobile Robot Motion Planning and Control},
author = {Hai Lin},
}



@inproceedings{DBLP:conf/rss/JohnsonK11,
  author    = {Benjamin Johnson and
               Hadas Kress{-}Gazit},
  title     = {Probabilistic Analysis of Correctness of High-Level Robot Behavior
               with Sensor Error},
  booktitle = {Robotics: Science and Systems VII, University of Southern California,
               Los Angeles, CA, USA, June 27-30, 2011},
  year      = {2011},
  crossref  = {DBLP:conf/rss/2011},
  url       = {http://www.roboticsproceedings.org/rss07/p20.html},
  timestamp = {Sun, 18 Dec 2011 20:27:03 +0100},
  biburl    = {http://dblp.uni-trier.de/rec/bib/conf/rss/JohnsonK11},
  bibsource = {dblp computer science bibliography, http://dblp.org}
}

@proceedings{DBLP:conf/rss/2011,
  title     = {Robotics: Science and Systems VII, University of Southern California,
               Los Angeles, CA, USA, June 27-30, 2011},
  year      = {2011},
  url       = {http://www.roboticsproceedings.org/rss07/},
  timestamp = {Sun, 18 Dec 2011 20:09:57 +0100},
  biburl    = {http://dblp.uni-trier.de/rec/bib/conf/rss/2011},
  bibsource = {dblp computer science bibliography, http://dblp.org}
}


@ARTICLE{Lavalle97onmotion,
    author = {Steven M. Lavalle and Rajeev Sharma},
    title = {On Motion Planning in Changing, Partially-Predictable Environments},
    journal = {International Journal of Robotics Research},
    year = {1997},
    volume = {16},
    pages = {775--805}
}

@article{DBLP:journals/trob/Kress-GazitFP09,
  author    = {Hadas Kress{-}Gazit and
               Georgios E. Fainekos and
               George J. Pappas},
  title     = {Temporal-Logic-Based Reactive Mission and Motion Planning},
  journal   = {{IEEE} Trans. Robotics},
  volume    = {25},
  number    = {6},
  pages     = {1370--1381},
  year      = {2009},
  url       = {http://dx.doi.org/10.1109/TRO.2009.2030225},
  doi       = {10.1109/TRO.2009.2030225},
  timestamp = {Wed, 09 Mar 2016 15:59:51 +0100},
  biburl    = {http://dblp.uni-trier.de/rec/bib/journals/trob/Kress-GazitFP09},
  bibsource = {dblp computer science bibliography, http://dblp.org}
}


@inproceedings{DBLP:conf/birthday/Benthem05,
  author    = {Johan van Benthem},
  title     = {An Essay on Sabotage and Obstruction},
  booktitle = {Mechanizing Mathematical Reasoning, Essays in Honor of J{\"{o}}rg
               H. Siekmann on the Occasion of His 60th Birthday},
  pages     = {268--276},
  year      = {2005},
  crossref  = {DBLP:conf/birthday/2005siekmann},
  url       = {http://dx.doi.org/10.1007/978-3-540-32254-2_16},
  doi       = {10.1007/978-3-540-32254-2_16},
  timestamp = {Tue, 07 Oct 2014 08:56:43 +0200},
  biburl    = {http://dblp.uni-trier.de/rec/bib/conf/birthday/Benthem05},
  bibsource = {dblp computer science bibliography, http://dblp.org}
}

@proceedings{DBLP:conf/birthday/2005siekmann,
  title     = {Mechanizing Mathematical Reasoning, Essays in Honor of J{\"{o}}rg
               H. Siekmann on the Occasion of His 60th Birthday},
  series    = {LNCS},
  volume    = {2605},
  publisher = {Springer},
  year      = {2005},
  isbn      = {3-540-25051-4},
  timestamp = {Tue, 07 Oct 2014 08:56:43 +0200},
  biburl    = {http://dblp.uni-trier.de/rec/bib/conf/birthday/2005siekmann},
  bibsource = {dblp computer science bibliography, http://dblp.org}
}



@article{DBLP:journals/ci/BratmanIP88,
  author    = {Michael E. Bratman and
               David J. Israel and
               Martha E. Pollack},
  title     = {Plans and resource-bounded practical reasoning},
  journal   = {Computational Intelligence},
  volume    = {4},
  pages     = {349--355},
  year      = {1988},
  url       = {http://dx.doi.org/10.1111/j.1467-8640.1988.tb00284.x},
  doi       = {10.1111/j.1467-8640.1988.tb00284.x},
  timestamp = {Sat, 14 Apr 2012 16:35:12 +0200},
  biburl    = {http://dblp.uni-trier.de/rec/bib/journals/ci/BratmanIP88},
  bibsource = {dblp computer science bibliography, http://dblp.org}
}


@inproceedings{DBLP:conf/aaai/GeorgeffL87,
  author    = {Michael P. Georgeff and
               Amy L. Lansky},
  title     = {Reactive Reasoning and Planning},
  booktitle = {Proceedings of the 6th National Conference on Artificial Intelligence.
               Seattle, WA, July 1987.},
  pages     = {677--682},
  year      = {1987},
  crossref  = {DBLP:conf/aaai/1987},
  url       = {http://www.aaai.org/Library/AAAI/1987/aaai87-121.php},
  timestamp = {Wed, 12 Dec 2012 15:08:20 +0100},
  biburl    = {http://dblp.uni-trier.de/rec/bib/conf/aaai/GeorgeffL87},
  bibsource = {dblp computer science bibliography, http://dblp.org}
}

@proceedings{DBLP:conf/aaai/1987,
  title     = {Proceedings of the 6th National Conference on Artificial Intelligence.
               Seattle, WA, July 1987},
  publisher = {Morgan Kaufmann},
  year      = {1987},
  url       = {http://www.aaai.org/Conferences/AAAI/aaai87.php},
  timestamp = {Thu, 01 Dec 2011 17:16:20 +0100},
  biburl    = {http://dblp.uni-trier.de/rec/bib/conf/aaai/1987},
  bibsource = {dblp computer science bibliography, http://dblp.org}
}


@inproceedings{DBLP:conf/ijcai/RaoG93,
  author    = {Anand S. Rao and
               Michael P. Georgeff},
  title     = {A Model-Theoretic Approach to the Verification of Situated Reasoning
               Systems},
  booktitle = {Proceedings of the 13th International Joint Conference on Artificial
               Intelligence. Chamb{\'{e}}ry, France, August 28 - September 3, 1993},
  pages     = {318--324},
  year      = {1993},
  crossref  = {DBLP:conf/ijcai/1993},
  timestamp = {Mon, 21 Jan 2013 14:26:52 +0100},
  biburl    = {http://dblp.uni-trier.de/rec/bib/conf/ijcai/RaoG93},
  bibsource = {dblp computer science bibliography, http://dblp.org}
}

@proceedings{DBLP:conf/ijcai/1993,
  title     = {Proceedings of the 13th International Joint Conference on Artificial
               Intelligence. Chamb{\'{e}}ry, France, August 28 - September 3, 1993},
  publisher = {Morgan Kaufmann},
  year      = {1993},
  isbn      = {1-55860-300-X},
  timestamp = {Mon, 21 Jan 2013 14:26:52 +0100},
  biburl    = {http://dblp.uni-trier.de/rec/bib/conf/ijcai/1993},
  bibsource = {dblp computer science bibliography, http://dblp.org}
}


@article{DBLP:journals/logcom/BenerecettiGS98,
  author    = {Massimo Benerecetti and
               Fausto Giunchiglia and
               Luciano Serafini},
  title     = {Model Checking Multiagent Systems},
  journal   = {J. Log. Comput.},
  volume    = {8},
  number    = {3},
  pages     = {401--423},
  year      = {1998},
  url       = {http://dx.doi.org/10.1093/logcom/8.3.401},
  doi       = {10.1093/logcom/8.3.401},
  timestamp = {Wed, 29 Jun 2011 15:52:34 +0200},
  biburl    = {http://dblp.uni-trier.de/rec/bib/journals/logcom/BenerecettiGS98},
  bibsource = {dblp computer science bibliography, http://dblp.org}
}


@ARTICLE{GRT11,
   author = {{Gr{\"u}ner}, S. and {Radmacher}, F.~G. and {Thomas}, W.},
    title = "{Connectivity Games over Dynamic Networks}",
  journal = {ArXiv e-prints},
archivePrefix = "arXiv",
   eprint = {1106.1236},
 primaryClass = "cs.GT",
 keywords = {Computer Science - Computer Science and Game Theory, Computer Science - Computational Complexity, Computer Science - Networking and Internet Architecture},
     year = 2011,
    month = jun,
   adsurl = {http://adsabs.harvard.edu/abs/2011arXiv1106.1236G},
  adsnote = {Provided by the SAO/NASA Astrophysics Data System}
}



@inproceedings{Odell2003,
author="Odell, James J.
and Parunak, H.
and Fleischer, Mitch
and Brueckner, Sven",
title="Modeling Agents and Their Environment",
booktitle="Agent-Oriented Software Engineering III: Third International Workshop, AOSE 2002 Bologna, Italy, July 15, 2002 Revised Papers and Invited Contributions",
year="2003",
publisher="Springer Berlin Heidelberg",
address="Berlin, Heidelberg",
pages="16--31",
isbn="978-3-540-36540-2",
doi="10.1007/3-540-36540-0_2",
url="http://dx.doi.org/10.1007/3-540-36540-0_2"
}



@book{JamrogaBook15,
author = {Wojciech Jamroga},
title = {Logical methods for Specification and Verification of Multi-Agent Systems},
publisher = {ICS PAS},
year = {2015},
url = {http://phd.ipipan.waw.pl/o-projekcie/publikacje-naukowe-w-ramach-projektu/monografie},
}

@inproceedings{DBLP:conf/concur/MeydenV98,
  author    = {Ron van der Meyden and
               Moshe Y. Vardi},
  title     = {Synthesis from Knowledge-Based Specifications (Extended Abstract)},
  booktitle = {{CONCUR} '98: Concurrency Theory, 9th International Conference, Nice,
               France, September 8-11, 1998, Proceedings},
  pages     = {34--49},
  year      = {1998},
  crossref  = {DBLP:conf/concur/1998},
  url       = {http://dx.doi.org/10.1007/BFb0055614},
  doi       = {10.1007/BFb0055614},
  timestamp = {Fri, 17 Jun 2011 14:10:13 +0200},
  biburl    = {http://dblp.uni-trier.de/rec/bib/conf/concur/MeydenV98},
  bibsource = {dblp computer science bibliography, http://dblp.org}
}

@proceedings{DBLP:conf/concur/1998,
  title     = {{CONCUR} '98: Concurrency Theory, 9th International Conference, Nice,
               France, September 8-11, 1998, Proceedings},
  series    = {LNCS},
  volume    = {1466},
  publisher = {Springer},
  year      = {1998},
  isbn      = {3-540-64896-8},
  timestamp = {Mon, 19 Aug 2002 11:16:32 +0200},
  biburl    = {http://dblp.uni-trier.de/rec/bib/conf/concur/1998},
  bibsource = {dblp computer science bibliography, http://dblp.org}
}



@inproceedings{DBLP:conf/atal/TsaiFBBEKMORSTWZT11,
  author    = {Jason Tsai and
               Natalie Fridman and
               Emma Bowring and
               Matthew Brown and
               Shira Epstein and
               Gal A. Kaminka and
               Stacy Marsella and
               Andrew Ogden and
               Inbal Rika and
               Ankur Sheel and
               Matthew E. Taylor and
               Xuezhi Wang and
               Avishay Zilka and
               Milind Tambe},
  title     = {{ESCAPES:} evacuation simulation with children, authorities, parents,
               emotions, and social comparison},
  booktitle = {10th International Conference on Autonomous Agents and Multiagent
               Systems {(AAMAS}), Taipei, Taiwan, May 2-6, 2011, Volume 1-3},
  pages     = {457--464},
  year      = {2011},
  crossref  = {DBLP:conf/atal/2011},
  timestamp = {Fri, 18 Nov 2011 10:23:00 +0100},
  biburl    = {http://dblp.uni-trier.de/rec/bib/conf/atal/TsaiFBBEKMORSTWZT11},
  bibsource = {dblp computer science bibliography, http://dblp.org}
}

@proceedings{DBLP:conf/atal/2011,
  title     = {10th International Conference on Autonomous Agents and Multiagent
               Systems {(AAMAS}), Taipei, Taiwan, May 2-6, 2011, Volume 1-3},
  publisher = {{IFAAMAS}},
  year      = {2011},
  isbn      = {978-0-9826571-5-7},
  timestamp = {Fri, 18 Nov 2011 09:09:28 +0100},
  biburl    = {http://dblp.uni-trier.de/rec/bib/conf/atal/2011},
  bibsource = {dblp computer science bibliography, http://dblp.org}
}

@article{DBLP:journals/cacm/RamchurnVRJ12,
  author    = {Sarvapali D. Ramchurn and
               Perukrishnen Vytelingum and
               Alex Rogers and
               Nicholas R. Jennings},
  title     = {Putting the 'smarts' into the smart grid: a grand challenge for artificial
               intelligence},
  journal   = {Commun. {ACM}},
  volume    = {55},
  number    = {4},
  pages     = {86--97},
  year      = {2012},
  url       = {http://doi.acm.org/10.1145/2133806.2133825},
  doi       = {10.1145/2133806.2133825},
  timestamp = {Fri, 20 Apr 2012 08:18:51 +0200},
  biburl    = {http://dblp.uni-trier.de/rec/bib/journals/cacm/RamchurnVRJ12},
  bibsource = {dblp computer science bibliography, http://dblp.org}
}

@inproceedings{DBLP:conf/aaai/PitaJOPTWPK08,
  author    = {James Pita and
               Manish Jain and
               Fernando Ord{\'{o}}{\~{n}}ez and
               Christopher Portway and
               Milind Tambe and
               Craig Western and
               Praveen Paruchuri and
               Sarit Kraus},
  title     = {{ARMOR} Security for Los Angeles International Airport},
  booktitle = {Proceedings of the Twenty-Third {AAAI} Conference on Artificial Intelligence,
               {AAAI} 2008, Chicago, Illinois, USA, July 13-17, 2008},
  pages     = {1884--1885},
  year      = {2008},
  crossref  = {DBLP:conf/aaai/2008},
  url       = {http://www.aaai.org/Library/AAAI/2008/aaai08-331.php},
  timestamp = {Mon, 10 Dec 2012 17:36:53 +0100},
  biburl    = {http://dblp.uni-trier.de/rec/bib/conf/aaai/PitaJOPTWPK08},
  bibsource = {dblp computer science bibliography, http://dblp.org}
}

@proceedings{DBLP:conf/aaai/2008,
  title     = {Proceedings of the Twenty-Third {AAAI} Conference on Artificial Intelligence,
               {AAAI} 2008, Chicago, Illinois, USA, July 13-17, 2008},
  publisher = {{AAAI} Press},
  year      = {2008},
  isbn      = {978-1-57735-368-3},
  timestamp = {Fri, 15 Aug 2008 11:13:22 +0200},
  biburl    = {http://dblp.uni-trier.de/rec/bib/conf/aaai/2008},
  bibsource = {dblp computer science bibliography, http://dblp.org}
}



@article{DBLP:journals/ai/MuscettolaNPW98,
  author    = {Nicola Muscettola and
               P. Pandurang Nayak and
               Barney Pell and
               Brian C. Williams},
  title     = {Remote Agent: To Boldly Go Where No {AI} System Has Gone Before},
  journal   = {Artif. Intell.},
  volume    = {103},
  number    = {1-2},
  pages     = {5--47},
  year      = {1998},
  url       = {http://dx.doi.org/10.1016/S0004-3702(98)00068-X},
  doi       = {10.1016/S0004-3702(98)00068-X},
  timestamp = {Wed, 19 Nov 2003 16:01:16 +0100},
  biburl    = {http://dblp.uni-trier.de/rec/bib/journals/ai/MuscettolaNPW98},
  bibsource = {dblp computer science bibliography, http://dblp.org}
}

@article{DBLP:journals/aim/JainAT12,
  author    = {Manish Jain and
               Bo An and
               Milind Tambe},
  title     = {An Overview of Recent Application Trends at the {AAMAS} Conference:
               Security, Sustainability and Safety},
  journal   = {{AI} Magazine},
  volume    = {33},
  number    = {3},
  pages     = {14--28},
  year      = {2012},
  url       = {http://www.aaai.org/ojs/index.php/aimagazine/article/view/2420},
  timestamp = {Tue, 16 Oct 2012 15:38:57 +0200},
  biburl    = {http://dblp.uni-trier.de/rec/bib/journals/aim/JainAT12},
  bibsource = {dblp computer science bibliography, http://dblp.org}
}

@article{DBLP:journals/aim/JonkerHWB12,
  author    = {Catholijn M. Jonker and
               Koen V. Hindriks and
               Pascal Wiggers and
               Joost Broekens},
  title     = {Negotiating Agents},
  journal   = {{AI} Magazine},
  volume    = {33},
  number    = {3},
  pages     = {79--91},
  year      = {2012},
  url       = {http://www.aaai.org/ojs/index.php/aimagazine/article/view/2421},
  timestamp = {Tue, 16 Oct 2012 15:38:57 +0200},
  biburl    = {http://dblp.uni-trier.de/rec/bib/journals/aim/JonkerHWB12},
  bibsource = {dblp computer science bibliography, http://dblp.org}
}


@inproceedings{DBLP:conf/atva/BerwangerMB15,
  author    = {Dietmar Berwanger and
               Anup Basil Mathew and
               Marie van den Bogaard},
  title     = {Hierarchical Information Patterns and Distributed Strategy Synthesis},
  booktitle = {Automated Technology for Verification and Analysis - 13th International
               Symposium, {ATVA} 2015, Shanghai, China, October 12-15, 2015, Proceedings},
  pages     = {378--393},
  year      = {2015},
  crossref  = {DBLP:conf/atva/2015},
  url       = {http://dx.doi.org/10.1007/978-3-319-24953-7_28},
  doi       = {10.1007/978-3-319-24953-7_28},
  timestamp = {Thu, 08 Oct 2015 12:37:28 +0200},
  biburl    = {http://dblp.uni-trier.de/rec/bib/conf/atva/BerwangerMB15},
  bibsource = {dblp computer science bibliography, http://dblp.org}
}

@proceedings{DBLP:conf/atva/2015,
  title     = {Automated Technology for Verification and Analysis - 13th International
               Symposium, {ATVA} 2015, Shanghai, China, October 12-15, 2015, Proceedings},
  series    = {LNCS},
  volume    = {9364},
  publisher = {Springer},
  year      = {2015},
  url       = {http://dx.doi.org/10.1007/978-3-319-24953-7},
  doi       = {10.1007/978-3-319-24953-7},
  isbn      = {978-3-319-24952-0},
  timestamp = {Thu, 08 Oct 2015 12:33:41 +0200},
  biburl    = {http://dblp.uni-trier.de/rec/bib/conf/atva/2015},
  bibsource = {dblp computer science bibliography, http://dblp.org}
}



@inproceedings{DBLP:conf/lics/FinkbeinerS05,
  author    = {Bernd Finkbeiner and
               Sven Schewe},
  title     = {Uniform Distributed Synthesis},
  booktitle = {20th {IEEE} Symposium on Logic in Computer Science {(LICS} 2005),
               26-29 June 2005, Chicago, IL, USA, Proceedings},
  pages     = {321--330},
  year      = {2005},
  crossref  = {DBLP:conf/lics/2005},
  url       = {http://dx.doi.org/10.1109/LICS.2005.53},
  doi       = {10.1109/LICS.2005.53},
  timestamp = {Sat, 22 Nov 2014 13:44:45 +0100},
  biburl    = {http://dblp.uni-trier.de/rec/bib/conf/lics/FinkbeinerS05},
  bibsource = {dblp computer science bibliography, http://dblp.org}
}

@proceedings{DBLP:conf/lics/2005,
  title     = {20th {IEEE} Symposium on Logic in Computer Science {(LICS} 2005),
               26-29 June 2005, Chicago, IL, USA, Proceedings},
  publisher = {{IEEE} Computer Society},
  year      = {2005},
  url       = {http://ieeexplore.ieee.org/xpl/mostRecentIssue.jsp?punumber=10087},
  isbn      = {0-7695-2266-1},
  timestamp = {Fri, 21 Nov 2014 14:08:56 +0100},
  biburl    = {http://dblp.uni-trier.de/rec/bib/conf/lics/2005},
  bibsource = {dblp computer science bibliography, http://dblp.org}
}


@ARTICLE{JAMROGA04agentsthat,
	author = {W JAMROGA and W VAN DER HOEK},
	title = {Agents that Know How to Play},
	journal = {Fundamenta Informaticae},
	year = {2004},
	volume = {63},
	pages = {2--3}
}

@article{DBLP:journals/aai/DiaconuD12,
  author    = {Raluca Diaconu and
               Catalin Dima},
  title     = {Model-Checking Alternating-Time Temporal Logic with Strategies Based
               on Common Knowledge is Undecidable},
  journal   = {Applied Artificial Intelligence},
  volume    = {26},
  number    = {4},
  pages     = {331--348},
  year      = {2012},
  url       = {http://dx.doi.org/10.1080/08839514.2012.652905},
  doi       = {10.1080/08839514.2012.652905},
  timestamp = {Wed, 30 May 2012 14:01:33 +0200},
  biburl    = {http://dblp.uni-trier.de/rec/bib/journals/aai/DiaconuD12},
  bibsource = {dblp computer science bibliography, http://dblp.org}
}


@inproceedings{AMRZ16AAMAS,
author = {B. Aminof and  A. Murano and S. Rubin and F. Zuleger},
title = {Automatic verification of multi-agent systems in parameterised grid-environments},
booktitle = {Intl. Conf. on Autonomous Agents and Multiagent Systems (AAMAS)},
pages     = {1190--1199},
year = 2016,
}


@inproceedings{AMRZ16KR,
Author                   =
{B. Aminof and A. Murano and S. Rubin and F. Zuleger},
title = "Prompt Alternating-Time Epistemic Logics",
booktitle = {Conf. on Principles of Knowledge Representation and Reasoning (KR 2016)},
  pages     = {258--267},
year = 2016,
}



@inproceedings{DBLP:conf/concur/AminofMV07,
  author    = {B. Aminof and
               A. Murano and
               Moshe Y. Vardi},
  title     = {Pushdown Module Checking with Imperfect Information},
  booktitle = {{CONCUR} 2007 - Concurrency Theory, 18th International Conference,
               {CONCUR} 2007, Lisbon, Portugal, September 3-8, 2007, Proceedings},
  pages     = {460--475},
  year      = {2007},
  crossref  = {DBLP:conf/concur/2007},
  url       = {http://dx.doi.org/10.1007/978-3-540-74407-8_31},
  doi       = {10.1007/978-3-540-74407-8_31},
  timestamp = {Tue, 21 Aug 2007 14:21:38 +0200},
  biburl    = {http://dblp.uni-trier.de/rec/bib/conf/concur/AminofMV07},
  bibsource = {dblp computer science bibliography, http://dblp.org}
}



@inproceedings{DBLP:conf/ifipTCS/AminofLMS08,
  author    = {B. Aminof and
               Axel Legay and
               A. Murano and
               Olivier Serre},
  title     = {{\(\mathrm{\mu}\)}-calculus Pushdown Module Checking with Imperfect
               State Information},
  booktitle = {Fifth {IFIP} International Conference On Theoretical Computer Science
               - {TCS} 2008, {IFIP} 20th World Computer Congress, {TC} 1, Foundations
               of Computer Science, September 7-10, 2008, Milano, Italy},
  pages     = {333--348},
  year      = {2008},
  crossref  = {DBLP:conf/ifipTCS/2008},
  url       = {http://dx.doi.org/10.1007/978-0-387-09680-3_23},
  doi       = {10.1007/978-0-387-09680-3_23},
  timestamp = {Mon, 15 Sep 2008 15:29:39 +0200},
  biburl    = {http://dblp.uni-trier.de/rec/bib/conf/ifipTCS/AminofLMS08},
  bibsource = {dblp computer science bibliography, http://dblp.org}
}

@proceedings{DBLP:conf/ifipTCS/2008,
  title     = {Fifth {IFIP} International Conference On Theoretical Computer Science
               - {TCS} 2008, {IFIP} 20th World Computer Congress, {TC} 1, Foundations
               of Computer Science, September 7-10, 2008, Milano, Italy},
  series    = {{IFIP}},
  volume    = {273},
  publisher = {Springer},
  year      = {2008},
  isbn      = {978-0-387-09679-7},
  timestamp = {Mon, 15 Sep 2008 15:28:03 +0200},
  biburl    = {http://dblp.uni-trier.de/rec/bib/conf/ifipTCS/2008},
  bibsource = {dblp computer science bibliography, http://dblp.org}
}



@article{DBLP:journals/iandc/AminofLMSV13,
  author    = {B. Aminof and
               Axel Legay and
               A. Murano and
               Olivier Serre and
               Moshe Y. Vardi},
  title     = {Pushdown module checking with imperfect information},
  journal   = {Inf. Comput.},
  volume    = {223},
  pages     = {1--17},
  year      = {2013},
  url       = {http://dx.doi.org/10.1016/j.ic.2012.11.005},
  doi       = {10.1016/j.ic.2012.11.005},
  timestamp = {Fri, 18 Jan 2013 12:09:59 +0100},
  biburl    = {http://dblp.uni-trier.de/rec/bib/journals/iandc/AminofLMSV13},
  bibsource = {dblp computer science bibliography, http://dblp.org}
}


@inproceedings{DBLP:conf/lpar/AminofMR15,
  author    = {B. Aminof and
               A. Murano and
               S. Rubin},
  title     = {On CTL* with Graded Path Modalities},
  booktitle = {Logic for Programming, Artificial Intelligence, and Reasoning - 20th
               International Conference, {LPAR-20} 2015, Suva, Fiji, November 24-28,
               2015, Proceedings},
  pages     = {281--296},
  year      = {2015},
  crossref  = {DBLP:conf/lpar/2015},
  url       = {http://dx.doi.org/10.1007/978-3-662-48899-7_20},
  doi       = {10.1007/978-3-662-48899-7_20},
  timestamp = {Wed, 02 Dec 2015 15:09:37 +0100},
  biburl    = {http://dblp.uni-trier.de/rec/bib/conf/lpar/AminofMR15},
  bibsource = {dblp computer science bibliography, http://dblp.org}
}

@proceedings{DBLP:conf/lpar/2015,
  title     = {Logic for Programming, Artificial Intelligence, and Reasoning - 20th
               International Conference, {LPAR-20} 2015, Suva, Fiji, November 24-28,
               2015, Proceedings},
  series    = {LNCS},
  volume    = {9450},
  publisher = {Springer},
  year      = {2015},
  url       = {http://dx.doi.org/10.1007/978-3-662-48899-7},
  doi       = {10.1007/978-3-662-48899-7},
  isbn      = {978-3-662-48898-0},
  timestamp = {Wed, 02 Dec 2015 15:05:10 +0100},
  biburl    = {http://dblp.uni-trier.de/rec/bib/conf/lpar/2015},
  bibsource = {dblp computer science bibliography, http://dblp.org}
}


@inproceedings{
 HB91,

 author   = "B.~Hollunder and F.~Baader",

 title    = "{Qualifying Number Restrictions in Concept Languages.}",

 booktitle  = "KR'91",

 publisher  = "Kaufmann",

 pages    = "335-346",

 year    = "1991"

}

@inproceedings
	{
	GOR97,
	author			=	"E.~Gr{\"a}del and M.~Otto and E.~Rosen",
	title				=	"{Two-Variable Logic with Counting is Decidable.}",
	booktitle		=	{LICS},
	publisher		=	{IEEE},
	pages				=	"306-317",
	year				=	"1997"
	}

@inproceedings{LamportM94,
  author    = {Leslie Lamport and
               Stephan Merz},
  title     = {Specifying and Verifying Fault-Tolerant Systems},
  booktitle = {Formal Techniques in Real-Time and Fault-Tolerant Systems, Third International
               Symposium Organized Jointly with the Working Group Provably Correct
               Systems - ProCoS, L{\"{u}}beck, Germany, September 19-23, Proceedings},
  pages     = {41--76},
  year      = {1994},
  crossref  = {DBLP:conf/ftrtft/1994},
  url       = {http://dx.doi.org/10.1007/3-540-58468-4_159},
  doi       = {10.1007/3-540-58468-4_159},
  timestamp = {Tue, 14 Jun 2011 20:33:08 +0200},
  biburl    = {http://dblp.uni-trier.de/rec/bib/conf/ftrtft/LamportM94},
  bibsource = {dblp computer science bibliography, http://dblp.org}
}



@inproceedings{BL03,
  author    = {Brannon Batson and
               Leslie Lamport},
  title     = {High-Level Specifications: Lessons from Industry},
  booktitle = {Formal Methods for Components and Objects, First International Symposium,
               {FMCO} 2002, Leiden, The Netherlands, November 5-8, 2002, Revised
               Lectures},
  pages     = {242--261},
  year      = {2002},
  crossref  = {DBLP:conf/fmco/2002},
  url       = {http://dx.doi.org/10.1007/978-3-540-39656-7_10},
  doi       = {10.1007/978-3-540-39656-7_10},
  timestamp = {Tue, 05 Jul 2011 17:30:40 +0200},
  biburl    = {http://dblp.uni-trier.de/rec/bib/conf/fmco/BatsonL02},
  bibsource = {dblp computer science bibliography, http://dblp.org}
}

@proceedings{DBLP:conf/fmco/2002,
  title     = {Formal Methods for Components and Objects, First International Symposium,
               {FMCO} 2002, Leiden, The Netherlands, November 5-8, 2002, Revised
               Lectures},
  series    = {LNCS},
  volume    = {2852},
  publisher = {Springer},
  year      = {2003},
  isbn      = {3-540-20303-6},
  timestamp = {Mon, 08 Dec 2003 16:35:22 +0100},
  biburl    = {http://dblp.uni-trier.de/rec/bib/conf/fmco/2002},
  bibsource = {dblp computer science bibliography, http://dblp.org}
}


@proceedings{DBLP:conf/ftrtft/1994,
  title     = {Formal Techniques in Real-Time and Fault-Tolerant Systems, Third International
               Symposium Organized Jointly with the Working Group Provably Correct
               Systems - ProCoS, L{\"{u}}beck, Germany, September 19-23, Proceedings},
  series    = {LNCS},
  volume    = {863},
  publisher = {Springer},
  year      = {1994},
  isbn      = {3-540-58468-4},
  timestamp = {Thu, 03 Jan 2002 11:59:18 +0100},
  biburl    = {http://dblp.uni-trier.de/rec/bib/conf/ftrtft/1994},
  bibsource = {dblp computer science bibliography, http://dblp.org}
}




@book{RationalAgentsBook,
author = {Michael Wooldridge},
title = {Reasoning about Rational Agents},
publisher = {MIT Press},
year = {2000},
pages = {226},
}



@inproceedings{JohnKSVW13,
  author    = {Annu John and
               Igor Konnov and
               Ulrich Schmid and
               Helmut Veith and
               Josef Widder},
  title     = {Parameterized model checking of fault-tolerant distributed algorithms
               by abstraction},
  booktitle = {Formal Methods in Computer-Aided Design, {FMCAD} 2013, Portland, OR,
               USA, October 20-23, 2013},
  pages     = {201--209},
  year      = {2013},
  crossref  = {DBLP:conf/fmcad/2013},
  url       = {http://ieeexplore.ieee.org/xpl/freeabs_all.jsp?arnumber=6679411},
  timestamp = {Wed, 11 Dec 2013 12:09:47 +0100},
  biburl    = {http://dblp.uni-trier.de/rec/bib/conf/fmcad/JohnKSVW13},
  bibsource = {dblp computer science bibliography, http://dblp.org}
}

@proceedings{DBLP:conf/fmcad/2013,
  title     = {Formal Methods in Computer-Aided Design, {FMCAD} 2013, Portland, OR,
               USA, October 20-23, 2013},
  publisher = {{IEEE}},
  year      = {2013},
  url       = {http://ieeexplore.ieee.org/xpl/mostRecentIssue.jsp?punumber=6675286},
  timestamp = {Wed, 11 Dec 2013 10:10:04 +0100},
  biburl    = {http://dblp.uni-trier.de/rec/bib/conf/fmcad/2013},
  bibsource = {dblp computer science bibliography, http://dblp.org}
}




@inproceedings{KonnovVW14,
  author    = {Igor Konnov and
               Helmut Veith and
               Josef Widder},
  title     = {On the Completeness of Bounded Model Checking for Threshold-Based
               Distributed Algorithms: Reachability},
  booktitle = {{CONCUR} 2014 - Concurrency Theory - 25th International Conference,
               {CONCUR} 2014, Rome, Italy, September 2-5, 2014. Proceedings},
  pages     = {125--140},
  year      = {2014},
  crossref  = {DBLP:conf/concur/2014},
  url       = {http://dx.doi.org/10.1007/978-3-662-44584-6_10},
  doi       = {10.1007/978-3-662-44584-6_10},
  timestamp = {Tue, 09 Sep 2014 10:24:52 +0200},
  biburl    = {http://dblp.uni-trier.de/rec/bib/conf/concur/KonnovVW14},
  bibsource = {dblp computer science bibliography, http://dblp.org}
}

@proceedings{DBLP:conf/concur/2014,
  title     = {{CONCUR} 2014 - Concurrency Theory - 25th International Conference,
               {CONCUR} 2014, Rome, Italy, September 2-5, 2014. Proceedings},
  series    = {LNCS},
  volume    = {8704},
  publisher = {Springer},
  year      = {2014},
  url       = {http://dx.doi.org/10.1007/978-3-662-44584-6},
  doi       = {10.1007/978-3-662-44584-6},
  isbn      = {978-3-662-44583-9},
  timestamp = {Tue, 09 Sep 2014 10:21:05 +0200},
  biburl    = {http://dblp.uni-trier.de/rec/bib/conf/concur/2014},
  bibsource = {dblp computer science bibliography, http://dblp.org}
}



@inproceedings{KonnovVW15,
  author    = {Igor Konnov and
               Helmut Veith and
               Josef Widder},
  title     = {{SMT} and {POR} Beat Counter Abstraction: Parameterized Model Checking
               of Threshold-Based Distributed Algorithms},
  booktitle = {Computer Aided Verification - 27th International Conference, {CAV}
               2015, San Francisco, CA, USA, July 18-24, 2015, Proceedings, Part
               {I}},
  pages     = {85--102},
  year      = {2015},
  crossref  = {DBLP:conf/cav/2015-1},
  url       = {http://dx.doi.org/10.1007/978-3-319-21690-4_6},
  doi       = {10.1007/978-3-319-21690-4_6},
  timestamp = {Mon, 20 Jul 2015 11:27:14 +0200},
  biburl    = {http://dblp.uni-trier.de/rec/bib/conf/cav/KonnovVW15},
  bibsource = {dblp computer science bibliography, http://dblp.org}
}

@proceedings{DBLP:conf/cav/2015-1,
  title     = {Computer Aided Verification - 27th International Conference, {CAV}
               2015, San Francisco, CA, USA, July 18-24, 2015, Proceedings, Part
               {I}},
  series    = {LNCS},
  volume    = {9206},
  publisher = {Springer},
  year      = {2015},
  url       = {http://dx.doi.org/10.1007/978-3-319-21690-4},
  doi       = {10.1007/978-3-319-21690-4},
  isbn      = {978-3-319-21689-8},
  timestamp = {Mon, 20 Jul 2015 11:21:17 +0200},
  biburl    = {http://dblp.uni-trier.de/rec/bib/conf/cav/2015-1},
  bibsource = {dblp computer science bibliography, http://dblp.org}
}



@inproceedings{DBLP:conf/prima/MuranoPR15,
  author    = {A. Murano and
               Giuseppe Perelli and
               S. Rubin},
  title     = {Multi-agent Path Planning in Known Dynamic Environments},
  booktitle = {{PRIMA} 2015: Principles and Practice of Multi-Agent Systems - 18th
               International Conference, Italy, 2015, Proceedings},
  pages     = {218--231},
  year      = {2015},
  crossref  = {DBLP:conf/prima/2015},
  url       = {http://dx.doi.org/10.1007/978-3-319-25524-8_14},
  doi       = {10.1007/978-3-319-25524-8_14},
  timestamp = {Thu, 22 Oct 2015 11:55:04 +0200},
  biburl    = {http://dblp.uni-trier.de/rec/bib/conf/prima/MuranoPR15},
  bibsource = {dblp computer science bibliography, http://dblp.org}
}

@proceedings{DBLP:conf/prima/2015,
  title     = {{PRIMA} 2015: Principles and Practice of Multi-Agent Systems - 18th
               International Conference, Italy, 2015, Proceedings},
  series    = {LNCS},
  volume    = {9387},
  publisher = {Springer},
  year      = {2015},
  url       = {http://dx.doi.org/10.1007/978-3-319-25524-8},
  doi       = {10.1007/978-3-319-25524-8},
  isbn      = {978-3-319-25523-1},
  timestamp = {Thu, 22 Oct 2015 11:51:33 +0200},
  biburl    = {http://dblp.uni-trier.de/rec/bib/conf/prima/2015},
  bibsource = {dblp computer science bibliography, http://dblp.org}
}

@book{osborne2004introduction,
  title={An introduction to game theory},
  author={Osborne, Martin J},
  volume={3},
  year={2004},
  publisher={Oxford University Press}
}


@inproceedings{KupfermanPV14,
  author    = {Orna Kupferman and
               Giuseppe Perelli and
               Moshe Y. Vardi},
  title     = {Synthesis with Rational Environments},
  booktitle = {Multi-Agent Systems - 12th European Conference, {EUMAS} 2014, Prague,
               Czech Republic, December 18-19, 2014, Revised Selected Papers},
  pages     = {219--235},
  year      = {2014},
  crossref  = {DBLP:conf/eumas/2014},
  url       = {http://dx.doi.org/10.1007/978-3-319-17130-2_15},
  doi       = {10.1007/978-3-319-17130-2_15},
  timestamp = {Thu, 16 Apr 2015 16:05:21 +0200},
  biburl    = {http://dblp.uni-trier.de/rec/bib/conf/eumas/KupfermanPV14},
  bibsource = {dblp computer science bibliography, http://dblp.org}
}

@proceedings{DBLP:conf/eumas/2014,
  title     = {Multi-Agent Systems - 12th European Conference, {EUMAS} 2014, Prague,
               Czech Republic, December 18-19, 2014, Revised Selected Papers},
  series    = {LNCS},
  volume    = {8953},
  publisher = {Springer},
  year      = {2015},
  url       = {http://dx.doi.org/10.1007/978-3-319-17130-2},
  doi       = {10.1007/978-3-319-17130-2},
  isbn      = {978-3-319-17129-6},
  timestamp = {Thu, 16 Apr 2015 16:02:46 +0200},
  biburl    = {http://dblp.uni-trier.de/rec/bib/conf/eumas/2014},
  bibsource = {dblp computer science bibliography, http://dblp.org}
}
@inproceedings{AR16IJCAR,
Author                   = {B. Aminof and S. Rubin},
title = {Model Checking Parameterised Multi-Token Systems via the Composition Method},
booktitle = {International Joint Conference on Automated Reasoning (ICJAR 2016)},
year = 2016,
}


@article{Reif84,
  author    = "John H. Reif",
  title     = "The Complexity of Two-Player Games of Incomplete Information",
  journal   = "J. Comput. Syst. Sci.",
  volume    = "29",
  number    = "2",
  pages     = "274--301",
  year      = "1984"
}

@article{RCDH07,
  author    = {Jean{-}Fran{\c{c}}ois Raskin and
               Krishnendu Chatterjee and
               Laurent Doyen and
               Thomas A. Henzinger},
  title     = {Algorithms for Omega-Regular Games with Imperfect Information},
  journal   = {Logical Methods in Computer Science},
  volume    = {3},
  number    = {3},
  year      = {2007},
}


@book{LynchBook,
author = {Nancy Lynch},
title = {Distributed Algorithms},
publisher = {Morgan Kaufmann},
year = {1996},
}

@article{Amazon,
title = {How Amazon Web Services Uses Formal Methods},
author = {Chris Newcombe and Tim Rath and  Fan Zhang and Bogdan Munteanu and Marc Brooker and Michael Deardeuff},
journal = {Communications of the ACM},
volume = {58},
number = {4},
year = {2015},
pages = {66--73},
}


article{AHK02,
 author = {Alur, Rajeev and Henzinger, Thomas A. and Kupferman, Orna},
 title = {Alternating-time Temporal Logic},
 journal = {J. ACM},
 issue_date = {September 2002},
 volume = {49},
 number = {5},
 month = sep,
 year = {2002},
 issn = {0004-5411},
 pages = {672--713},
 numpages = {42},
 url = {http://doi.acm.org/10.1145/585265.585270},
 doi = {10.1145/585265.585270},
 acmid = {585270},
 publisher = {ACM},
 address = {New York, NY, USA},
 keywords = {Alternation, games, model checking, temporaxl logic},
}



@inproceedings{RZMA15,
  author    = {B. Aminof and
               A. Murano and
                S. Rubin and
               F. Zuleger},
  title     = {Verification of Asynchronous Mobile-Robots in Partially-Known
Environments},
  booktitle = {{PRIMA} 2015: Principles and Practice of Multi-Agent Systems -
18th
               International Conference, Italy, 2015,
Proceedings},
  pages     = {185--200},
  year      = {2015},
  url       = {http://dx.doi.org/10.1007/978-3-319-25524-8_12},
  doi       = {10.1007/978-3-319-25524-8_12},
  timestamp = {Thu, 22 Oct 2015 11:55:04 +0200},
  biburl    = {http://dblp.uni-trier.de/rec/bib/conf/prima/RubinZMA15},
  bibsource = {dblp computer science bibliography, http://dblp.org}
}




@book{HMU03,
  author    = {John E. Hopcroft and
               Rajeev Motwani and
               Jeffrey D. Ullman},
  title     = {Introduction to automata theory, languages, and computation -
international
               edition {(2.} ed)},
  publisher = {Addison-Wesley},
  year      = {2003},
  isbn      = {978-0-321-21029-6},
  timestamp = {Thu, 14 Apr 2011 14:43:21 +0200},
  biburl    = {http://dblp.uni-trier.de/rec/bib/books/daglib/0011126},
  bibsource = {dblp computer science bibliography, http://dblp.org}
}


@inproceedings{GFPS10,
  author    = {Giuseppe {De Giacomo} and
               Paolo Felli and
               Fabio Patrizi and
               Sebastian Sardi{\~{n}}a},
  title     = {Two-Player Game Structures for Generalized Planning and Agent Composition},
  booktitle = {AAAI},
  year      = {2010},
  url       = {http://www.aaai.org/ocs/index.php/AAAI/AAAI10/paper/view/1813},
  timestamp = {Wed, 01 Sep 2010 12:54:51 +0200},
  biburl    = {http://dblp.uni-trier.de/rec/bib/conf/aaai/GiacomoFPS10},
  bibsource = {dblp computer science bibliography, http://dblp.org}
}

@inproceedings{HuG11,
  author    = {Yuxiao Hu and
               Giuseppe {De Giacomo}},
  title     = {Generalized Planning: Synthesizing Plans that Work for Multiple Environments},
  booktitle = {{IJCAI}},
  pages     = {918--923},
  year      = {2011},
  url       = {http://ijcai.org/papers11/Papers/IJCAI11-159.pdf},
  timestamp = {Tue, 09 Aug 2011 14:09:58 +0200},
  biburl    = {http://dblp.uni-trier.de/rec/bib/conf/ijcai/HuG11},
  bibsource = {dblp computer science bibliography, http://dblp.org}
}

@inproceedings{KMS84,
  title={Coordinating pebble motion on graphs, the diameter of permutation
groups, and applications},
  author={Kornhauser, Daniel and Miller, Gary and Spirakis, Paul},
  year={1984},
booktitle={FOCS},
pages={241--250},
  OPTpublisher={IEEE}
}

@book{Lynch96,
  author    = {Nancy A. Lynch},
  title     = {Distributed Algorithms},
  publisher = {Morgan Kaufmann},
  year      = {1996},
  isbn      = {1-55860-348-4},
  timestamp = {Mon, 28 Jan 2002 16:09:36 +0100},
  biburl    = {http://dblp.uni-trier.de/rec/bib/books/mk/Lynch96},
  bibsource = {dblp computer science bibliography, http://dblp.org}
}


@inproceedings{CLMM14,
  title={MCMAS-SLK: A model checker for the verification of strategy logic specifications},
  author={{\v{C}}erm{\'a}k, Petr and Lomuscio, Alessio and Mogavero, Fabio and Murano, Aniello},
  booktitle={CAV},
  pages={525--532},
  year={2014},
  OPTorganization={Springer}
}

@inproceedings{KJB13CAV,
  author    = {Ayrat Khalimov and
               Swen Jacobs and
               Roderick Bloem},
  title     = {{PARTY} Parameterized Synthesis of Token Rings},
  booktitle = {CAV},
  pages     = {928--933},
  year      = {2013},
}

@inproceedings{KJB13VMCAI,
  author    = {Ayrat Khalimov and
               Swen Jacobs and
               Roderick Bloem},
  title     = {Towards Efficient Parameterized Synthesis},
  booktitle = {VMCAI},
  pages     = {108--127},
  year      = {2013},
}

@incollection{CDGKKP14,
year={2014},
isbn={978-3-642-54422-4},
booktitle={LATIN 2014: Theoretical Informatics},
volume={8392},
series={LNCS},
doi={10.1007/978-3-642-54423-1_30},
title={Collision-Free Network Exploration},
url={http://dx.doi.org/10.1007/978-3-642-54423-1_30},
publisher={Springer},
author={Czyzowicz, Jurek and Dereniowski, Dariusz and Gasieniec, Leszek and
Klasing, Ralf and Kosowski, Adrian and Pająk, Dominik},
pages={342-354},
language={English}
}

@inproceedings{Rubin15AAMAS,
  author    = {S. Rubin},
  title     = {Parameterised Verification of Autonomous Mobile-Agents in Static but
               Unknown Environments},
  booktitle = {AAMAS},
  pages     = {199--208},
  year      = {2015},
  url       = {http://dl.acm.org/citation.cfm?id=2772908},
  timestamp = {Fri, 15 May 2015 17:42:53 +0200},
  biburl    = {http://dblp.uni-trier.de/rec/bib/conf/atal/Rubin15},
  bibsource = {dblp computer science bibliography, http://dblp.org}
}




@inproceedings{QaRe05,
  author    = {Shaz Qadeer and
               Jakob Rehof},
  title     = {Context-Bounded Model Checking of Concurrent Software},
  booktitle = {TACAS},
   pages     = {93--107},
  year      = {2005},
  url       = {http://dx.doi.org/10.1007/978-3-540-31980-1_7},
  doi       = {10.1007/978-3-540-31980-1_7},
  timestamp = {Thu, 28 May 2015 17:23:18 +0200},
  biburl    = {http://dblp.uni-trier.de/rec/bib/conf/tacas/QadeerR05},
  bibsource = {dblp computer science bibliography, http://dblp.org}
}

@proceedings{DBLP:conf/tacas/2005,
  title     = {TACAS},
   series    = {LNCS},
  volume    = {3440},
  publisher = {Springer},
  year      = {2005},
  url       = {http://dx.doi.org/10.1007/b107194},
  doi       = {10.1007/b107194},
  isbn      = {3-540-25333-5},
  timestamp = {Thu, 28 May 2015 17:23:18 +0200},
  biburl    = {http://dblp.uni-trier.de/rec/bib/conf/tacas/2005},
  bibsource = {dblp computer science bibliography, http://dblp.org}
}


@article{Ibarra78JACM,
  author    = {Oscar H. Ibarra},
  title     = {Reversal-Bounded Multicounter Machines and Their Decision Problems},
  journal   = {J. {ACM}},
  volume    = {25},
  number    = {1},
  pages     = {116--133},
  year      = {1978},
  url       = {http://doi.acm.org/10.1145/322047.322058},
  doi       = {10.1145/322047.322058},
  timestamp = {Thu, 26 Jan 2012 17:31:31 +0100},
  biburl    = {http://dblp.uni-trier.de/rec/bib/journals/jacm/Ibarra78},
  bibsource = {dblp computer science bibliography, http://dblp.org}
}


@proceedings{DBLP:conf/atal/2015,
  editor    = {Gerhard Weiss and
               Pinar Yolum and
               Rafael H. Bordini and
               Edith Elkind},
  title     = {AAMAS},
  publisher = {{ACM}},
  year      = {2015},
  url       = {http://dl.acm.org/citation.cfm?id=2772879},
  isbn      = {978-1-4503-3413-6},
  timestamp = {Fri, 15 May 2015 16:18:42 +0200},
  biburl    = {http://dblp.uni-trier.de/rec/bib/conf/atal/2015},
  bibsource = {dblp computer science bibliography, http://dblp.org}
}


@phdthesis{Stock74,
  author={Stockmeyer, Larry Joseph},
  title={The complexity of decision problems in automata theory and logic},
  year={1974},
  school       = {MIT},
}

@inproceedings{KoLo15,
  author    = {Panagiotis Kouvaros and
               Alessio Lomuscio},
  title     = {A Counter Abstraction Technique for the Verification of Robot
Swarms},
  booktitle = {AAAI},
   pages     = {2081--2088},
  year      = {2015},
  url       = {http://www.aaai.org/ocs/index.php/AAAI/AAAI15/paper/view/9910},
  timestamp = {Sun, 12 Apr 2015 15:18:08 +0200},
  biburl    = {http://dblp.uni-trier.de/rec/bib/conf/aaai/KouvarosL15},
  bibsource = {dblp computer science bibliography, http://dblp.org}
}


@inproceedings{KKR07handbook,
author = {Kranakis,E and Krizanc,D and Rajsbaum,S},
title = {Computing with Mobile Agents in Distributed Networks},
booktitle = {Handbook of Parallel Computing: Models, Algorithms, and Applications},
publisher = {Chapman Hall},
series = {CRC Computer and Information Science Series},
year = {2007},
pages = {8-1 to 8-20},
}

@incollection{Schw12,
year={2012},
booktitle={Foundations of Information and Knowledge Systems},
volume={7153},
series={LNCS},
title={Foundations of XML Based on Logic and Automata: A Snapshot},
publisher={Springer Berlin Heidelberg},
author={Schwentick, Thomas},
pages={23-33},
language={English},
}



@INPROCEEDINGS{HMM11,
author = {Huang, X and Maupin, P and Van Der Meyden, R},
year = {2011},
title = {Model checking knowledge in pursuit evasion games},
inproceedings = {IJCAI},
volume = {22},
number = {1},
pages     = {240--245},
}



@INPROCEEDINGS{Thomas96,
    author = {Wolfgang Thomas},
    title = {Languages, Automata, and Logic},
    booktitle = {Handbook of Formal Languages},
    year = {1996},
    pages = {389--455},
    publisher = {Springer},
}


@article{Sh51,
author = {Claude Shannon},
title = {Presentation of a Maze-Solving Machine},
journal = {Eighth Cybernetics Conference},
year = {1951},
pages = {173--180},
}

@ARTICLE{BrWo00,
    author = {Anne Br{\"u}ggemann-Klein and Derick Wood},
    title = {Caterpillars: A Context Specification Technique},
    journal = {Markup Languages},
    year = {2000},
    volume = {2},
    pages = {81--106},
}


@book{EbFl95,
  author    = {Heinz{-}Dieter Ebbinghaus and
               J{\"{o}}rg Flum},
  title     = {Finite model theory},
  series    = {Perspectives in Mathematical Logic},
  year      = {1995},
  publisher = {Springer},
  isbn      = {978-3-540-60149-4},
}

@ARTICLE{Ro66,
author={Rosenberg, A.L.},
journal={IBM Journal of Research and Development},
title={On Multi-Head Finite Automata},
year={1966},
month={Sep},
volume={10},
number={5},
pages={388-394},
doi={10.1147/rd.105.0388},
ISSN={0018-8646},
}

@article{FGKP06,
author = {Fraigniaud, Pierre and Gasieniec, Leszek and Kowalski, Dariusz R. and Pelc, Andrzej},
title = {Collective tree exploration},
journal = {Networks},
volume = {48},
number = {3},
publisher = {Wiley Subscription Services, Inc., A Wiley Company},
issn = {1097-0037},
doi = {10.1002/net.20127},
pages = {166--177},
keywords = {algorithm, collective graph exploration, mobile agent, robot, tree},
year = {2006},
}


article{BMM12,
  author    = {Alessandro Bianco and
               Fabio Mogavero and
               A. Murano},
  title     = {Graded computation tree logic},
  journal   = {ACM Trans. Comput. Log.},
  volume    = {13},
  number    = {3},
  year      = {2012},
  pages     = {25}
}


%MC

@book{MC,
author = "Marie Curie",
title = "Pierre Curie",
year = "1923",
place = "New York",
publisher = "Macmillan Co."
}

@inproceedings{DBLP:conf/csl/ScheweF06,
  author    = {Sven Schewe and
               Bernd Finkbeiner},
  title     = {Satisfiability and Finite Model Property for the Alternating-Time
               \emph{mu}-Calculus},
  booktitle = {Computer Science Logic, 20th International Workshop, {CSL} 2006, 15th
               Annual Conference of the EACSL, Szeged, Hungary, September 25-29,
               2006, Proceedings},
  pages     = {591--605},
  year      = {2006},
  crossref  = {DBLP:conf/csl/2006},
  url       = {http://dx.doi.org/10.1007/11874683_39},
  doi       = {10.1007/11874683_39},
  timestamp = {Mon, 20 Nov 2006 13:22:30 +0100},
  biburl    = {http://dblp.uni-trier.de/rec/bib/conf/csl/ScheweF06},
  bibsource = {dblp computer science bibliography, http://dblp.org}
}

@proceedings{DBLP:conf/csl/2006,
  title     = {Computer Science Logic, 20th International Workshop, {CSL} 2006, 15th
               Annual Conference of the EACSL, Szeged, Hungary, September 25-29,
               2006, Proceedings},
  series    = {LNCS},
  volume    = {4207},
  publisher = {Springer},
  year      = {2006},
  isbn      = {3-540-45458-6},
  timestamp = {Mon, 20 Nov 2006 13:22:30 +0100},
  biburl    = {http://dblp.uni-trier.de/rec/bib/conf/csl/2006},
  bibsource = {dblp computer science bibliography, http://dblp.org}
}



@inproceedings{Obdr13,
  title={Fast mu-calculus model checking when tree-width is bounded},
  author={Obdr{\v{z}}{\'a}lek, Jan},
  booktitle={Computer Aided Verification},
  pages={80--92},
  year={2003},
}

@inproceedings{BRV04,
  author    = {Doron Bustan and
               S. Rubin and
               Moshe Y. Vardi},
  title     = {Verifying Omega-Regular Properties of Markov Chains},
  booktitle = {Computer Aided Verification},
  year      = {2004},
  pages     = {189--201},
}

%SR

@inproceedings{AmRu14,
  author    = {B. Aminof and
               S. Rubin},
  title     = {First Cycle Games},
  booktitle = {Proceedings 2nd International Workshop on Strategic Reasoning},
  year      = {2014},
  pages     = {83--90},
  doi       = {10.4204/EPTCS.146.11},
  timestamp = {Mon, 08 Sep 2014 12:15:42 +0200},
  biburl    = {http://dblp.uni-trier.de/rec/bib/journals/corr/AminofR14},
  bibsource = {dblp computer science bibliography, http://dblp.org},
  note = {In press in the journal of Information and Computation},
}

@inproceedings{MMV10,
  author    = {Fabio Mogavero and
               A. Murano and
               Moshe Y. Vardi},
  title     = {Reasoning About Strategies},
  booktitle = {FSTTCS},
  year      = {2010},
  pages     = {133-144},
}

@inproceedings{MMPV12,
  author    = {Fabio Mogavero and
               A. Murano and
               Giuseppe Perelli and
               Moshe Y. Vardi},
  title     = {What Makes Atl* Decidable? A Decidable Fragment of Strategy
               Logic},
  booktitle = {CONCUR},
  year      = {2012},
  pages     = {193-208},
  ee        = {http://dx.doi.org/10.1007/978-3-642-32940-1_15},
  bibsource = {DBLP, http://dblp.uni-trier.de}
}

%AUTOMATA< GAMES

@article{PeRe79,
author = {Gary L. Peterson and John H. Reif},
title = {Multiple-person alternation},
journal ={SFCS},
year = {1979},
pages = {348-363},
}


@inproceedings{BlEn97,
  author    = {Roderick Bloem and
               Joost Engelfriet},
  title     = {Monadic Second Order Logic and Node Relations on Graphs
               and Trees},
  booktitle = {Structures in Logic and Computer Science},
  year      = {1997},
  pages     = {144-161},
  ee        = {http://dx.doi.org/10.1007/3-540-63246-8_9},
  }

@inproceedings{EnHo06,
  author    = {Joost Engelfriet and
               Hendrik Jan Hoogeboom},
  title     = {Nested Pebbles and Transitive Closure},
  booktitle = {STACS},
  year      = {2006},
  pages     = {477-488},
  ee        = {http://dx.doi.org/10.1007/11672142_39},
  bibsource = {DBLP, http://dblp.uni-trier.de}
}

@article{He13,
year={2013},
journal={Comp. Sci. - Research and Development},
volume={28},
number={4},
doi={10.1007/s00450-013-0251-7},
title={Quantitative reactive modeling and verification},
keywords={Formal methods; Program verification; Embedded systems; Systems biology},
author={Henzinger, ThomasA.},
pages={331-344},
}


@article{BL13,
  author    = {Benjamin Bond and
               Lionel Levine},
  title     = {Abelian networks: foundations and examples},
  journal   = {CoRR},
  volume    = {abs/1309.3445},
  year      = {2013},
  }

  @article{pauly2003game,
  title={Game logic-an overview},
  author={Pauly, Marc and Parikh, Rohit},
  journal={Studia Logica},
  volume={75},
  number={2},
  pages={165--182},
  year={2003},
  publisher={Springer}
}


@inproceedings{DiGa08,
   author              = {Volker Diekert and
                          Paul Gastin},
   title               = {First-order definable languages},
   booktitle           = {Logic and Automata},
   year                = {2008},
   pages               = {261-306},
}


@proceedings{ALG01,
  title     = {Automata, Logics, and Infinite Games: A Guide to Current
               Research},
  booktitle = {Automata, Logics, and Infinite Games},
  publisher = {Springer},
  series    = {LNCS},
  volume    = {2500},
  year      = {2002},
  bibsource = {DBLP, http://dblp.uni-trier.de}
}

@incollection{Thomas90,
  author    = {Wolfgang Thomas},
  title     = {Automata on Infinite Objects},
  booktitle = {Handbook of Theoretical Computer Science, Volume B: Formal
               Models and Semantics (B)},
  year      = {1990},
  pages     = {133-192},
  bibsource = {DBLP, http://dblp.uni-trier.de}
}

@incollection{Vardi98,
year={1998},
booktitle={Automata, Languages and Programming},
volume={1443},
series={LNCS},
doi={10.1007/BFb0055090},
title={Reasoning about the past with two-way automata},
author={Vardi, Moshe Y.},
pages={628-641}
}

@incollection{AKY99,
year={1999},
booktitle={Automata, Languages and Programming},
volume={1644},
series={LNCS},
doi={10.1007/3-540-48523-6_14},
title={Communicating Hierarchical State Machines},
author={Alur, Rajeev and Kannan, Sampath and Yannakakis, Mihalis},
pages={169-178},
language={English}
}

@article{AKM12,
  author    = {B. Aminof and
               Orna Kupferman and
               A. Murano},
  title     = {Improved model checking of hierarchical systems},
  journal   = {Inf. Comput.},
  volume    = {210},
  year      = {2012},
  pages     = {68-86},
  bibsource = {DBLP, http://dblp.uni-trier.de}
}


%GAMES

@book{sipser,
  author    = {Michael Sipser},
  title     = {Introduction to the theory of computation},
  publisher = {PWS Publishing Company},
  year      = {1997},
  pages     = {I-XV, 1-396},
  bibsource = {DBLP, http://dblp.uni-trier.de}
}


@article{BFFM11,
  author    = {Alessandro Bianco and
               Marco Faella and
               Fabio Mogavero and
               A. Murano},
  title     = {Exploring the boundary of half-positionality},
  journal   = {Ann. Math. Artif. Intell.},
  volume    = {62},
  number    = {1-2},
  year      = {2011},
  pages     = {55-77},
  bibsource = {DBLP, http://dblp.uni-trier.de}
}

@inproceedings{GiZe05,
  author    = {Hugo Gimbert and
               Wieslaw Zielonka},
  title     = {Games Where You Can Play Optimally Without Any Memory},
  booktitle = {CONCUR},
  year      = {2005},
  pages     = {428-442},
  ee        = {http://dx.doi.org/10.1007/11539452_33},
  bibsource = {DBLP, http://dblp.uni-trier.de}
}

@inproceedings{Ko06,
  author    = {Eryk Kopczynski},
  title     = {Half-Positional Determinacy of Infinite Games},
  booktitle = {ICALP (2)},
  year      = {2006},
  pages     = {336-347},
  ee        = {http://dx.doi.org/10.1007/11787006_29},
  bibsource = {DBLP, http://dblp.uni-trier.de}
}

@article{ChDoEnergyParity,
  title = "Energy parity games ",
  journal = "Theoretical Computer Science ",
  volume = "458",
  number = "0",
  pages = "49 - 60",
  year = "2012",
  note = "",
  doi = "http://dx.doi.org/10.1016/j.tcs.2012.07.038",
  url = "http://www.sciencedirect.com/science/article/pii/S0304397512007475",
  author = "Krishnendu Chatterjee and Laurent Doyen",
  keywords = "Games on graphs",
  keywords = "Parity objectives",
  keywords = "Quantitative objectives "
}


@article{EM79,
year={1979},
journal={International Journal of Game Theory},
volume={8},
number={2},
doi={10.1007/BF01768705},
title={Positional strategies for mean payoff games},
url={http://dx.doi.org/10.1007/BF01768705},
publisher={Physica-Verlag},
author={Ehrenfeucht, A. and Mycielski, J.},
pages={109-113},
language={English},
}

@article{BSV,
  author    = {Henrik Bj{\"o}rklund and Sven Sandberg and Sergei G. Vorobyov},
  title     = {Memoryless determinacy of parity and mean payoff games:
               a simple proof},
  journal   = {Theor. Comput. Sci.},
  volume    = {310},
  number    = {1-3},
  year      = {2004},
  pages     = {365-378},
}



%PMCP
@article{ViennaBook,
  author    = {Roderick Bloem and Swen Jacobs and Ayrat Khalimov and Igor
    Konnov and S. Rubin and Helmut Veith and Josef Widder},
  title     = {What's Decidable about Parameterized Concurrent Systems?},
  year      = {2014},
  journal   = {Synthesis Lectures in Distributed Computing Theory},
  note      = {(under review)},
}

@InProceedings{KVW14,
  author = 	 {Konnov, Igor and Veith, Helmut and Widder, Josef},
  title = 	 {On the Completeness of Bounded Model Checking for
Threshold-Based Distributed~Algorithms: Reachability},
pages = {125--130},
series = {LNCS 8704},
year = {2014},
}

%MAS

%parameterised!
@inproceedings{KoLo13AAMAS,
 author = {Kouvaros, Panagiotis and Lomuscio, Alessio},
 title = {Automatic Verification of Parameterised Multi-agent Systems},
 booktitle = {AAMAS},
 year = {2013},
 pages = {861--868},
}

@inproceedings{KoLo13IJCAI,
  author    = {Panagiotis Kouvaros and
               Alessio Lomuscio},
  title     = {A Cutoff Technique for the Verification of Parameterised Interpreted
               Systems with Parameterised Environments.},
  booktitle = {{IJCAI}},
  year      = {2013},
}

%not parameterised

@article{BFVW06,
year={2006},
journal={Autonomous Agents and Multi-Agent Systems},
volume={12},
number={2},
title={Verifying Multi-agent Programs by Model Checking},
keywords={Agent-oriented programming; AgentSpeak; Model checking; Spin; JPF},
author={Bordini, Rafael and Fisher, Michael and Visser, Willem and Wooldridge, Michael},
pages={239-256},
}

%ROBOTS

@misc{Koso13,
author = {Adrian Kosowski},
title = {Time and Space-Efficient Algorithms for Mobile Agents in an Anonymous Network},
year = {2013},
note = {Habil. Thesis},
school = {U. Bordeaux 1},
}


@inproceedings{MPST14,
  author    = {Laure Millet and
               Maria Potop{-}Butucaru and
               Nathalie Sznajder and
               S{\'{e}}bastien Tixeuil},
  title     = {On the Synthesis of Mobile Robots Algorithms: The Case of Ring Gathering},
  booktitle = {SSS},
  pages     = {237--251},
  year      = {2014},
}

@article{Boja08,
 author = {Boja\'{n}czyk, Miko{\l}aj},
 chapter = {Tree-Walking Automata},
 title = {Language and Automata Theory and Applications},
 year = {2008},
 pages = {1--2},
 numpages = {2},
 journal = {LNCS Volume 5196},
 url = {http://dx.doi.org/10.1007/978-3-540-88282-4_1},
 doi = {10.1007/978-3-540-88282-4_1},
 acmid = {1431172},
}

@article{MML06,
  author    = {Anca Muscholl and
               Mathias Samuelides and
               Luc Segoufin},
  title     = {Complementing deterministic tree-walking automata},
  journal   = {Inf. Process. Lett.},
  volume    = {99},
  number    = {1},
  year      = {2006},
  pages     = {33-39},
  ee        = {http://dx.doi.org/10.1016/j.ipl.2005.09.017},
  bibsource = {DBLP, http://dblp.uni-trier.de}
}


@article{FIPPP04,
title = "Graph exploration by a finite automaton ",
journal = "Theoretical Computer Science ",
volume = "345",
pages = "331 - 344",
year = "2005",
author = "Pierre Fraigniaud and David Ilcinkas and Guy Peer and Andrzej Pelc and David Peleg",
}


@article{BlHe67,
author = {M. Blum and C. Hewitt},
title = {Automata on a 2-dimensional tape},
journal ={SWAT (FOCS)},
year = {1967},
pages = {155-160},
doi = {http://doi.ieeecomputersociety.org/10.1109/FOCS.1967.6},
}


@article{peterson2002decision,
  title={Decision algorithms for multiplayer noncooperative games of incomplete information},
  author={Peterson, Gary and Reif, John and Azhar, Salman},
  journal={CAMWA},
  volume={43},
  number={1},
  pages={179--206},
  year={2002}
}

@book{szep95,
  title={Automata Searching Labyrinths: A Survey},
  author={Szepietowski, A.},
  series={Bericht tr-ri / Fachbereich Mathematik-Informatik, Universit{\"a}t-Gesamthochschule Paderborn},
  url={http://books.google.at/books?id=-Y6xtgAACAAJ},
  year={1995},
  publisher={Univ.-GH, FB Mathematik-Informatik}
}


@incollection{Hoff81,
year={1981},
booktitle={Fundamentals of Computation Theory},
volume={117},
series={LNCS},
doi={10.1007/3-540-10854-8_47},
title={One pebble does not suffice to search plane labyrinths},
url={http://dx.doi.org/10.1007/3-540-10854-8_47},
author={Hoffmann, Frank},
pages={433-444}
}

@article{Bender20021,
title = "The Power of a Pebble: Exploring and Mapping Directed Graphs ",
optjournal = "Information and Computation ",
journal = "I \& C",
volume = "176",
number = "1",
pages = "1-21",
year = "2002",
author = "Michael A. Bender and Antonio Fernandez and Dana Ron and Amit Sahai and Salil Vadhan"
}



@article{Devi11,
    author    = {St{\'e}phane Devismes and
                     Anissa Lamani and
                                      Franck Petit and
                                                     Pascal Raymond and
                                                                    S{\'e}bastien Tixeuil},
      title     = {Optimal grid exploration by asynchronous oblivious robots},
        journal   = {CoRR},
          volume    = {abs/1105.2461},
            year      = {2011},
              ee        = {http://arxiv.org/abs/1105.2461},
                bibsource = {DBLP, http://dblp.uni-trier.de}
}


@inproceedings{ABCTU13,
  author    = {C{\'e}dric Auger and
               Zohir Bouzid and
               Pierre Courtieu and
               S{\'e}bastien Tixeuil and
               Xavier Urbain},
  title     = {Certified Impossibility Results for Byzantine-Tolerant Mobile
               Robots},
  booktitle = {SSS},
  year      = {2013},
  pages     = {178-190},
  ee        = {http://dx.doi.org/10.1007/978-3-319-03089-0_13},
  bibsource = {DBLP, http://dblp.uni-trier.de}
}

@inproceedings{ChDo10,
  author    = {Krishnendu Chatterjee and Laurent Doyen},
  title     = {The Complexity of Partial-Observation Parity Games},
  booktitle = {LPAR},
  year      = {2010},
  pages     = {1-14},
}

@incollection{Bonnet12,
  year={2012},
    booktitle={Stabilization, Safety, and Security of Distributed Systems},
    volume={7596},
    series={LNCS},
    title={Brief Announcement: Discovering and Assessing Fine-Grained Metrics in Robot Networks Protocols},
    author={Bonnet, F. and Defago, Xavier and Petit, Franck and Potop-Butucaru,
      MariaGradinariu and Tixeuil, S.},
    pages={282-284}
}

@techreport{Berard13,
    title = {Formal verification of Mobile Robot Protocols},
    author = {Berard, B{\'e}atrice and Millet, Laure and Potop-Butucaru, Maria and Thierry-Mieg, Yann and Tixeuil, S{\'e}bastien},
    keywords = {Mobil robot; graph exploration; Formal verification},
    year = {2013},
}

@incollection{Cohen05graphexploration,
year={2005},
booktitle={Automata, Languages and Programming},
volume={3580},
series={LNCS},
title={Label-Guided Graph Exploration by a Finite Automaton},
author={Cohen, Reuven and Fraigniaud, Pierre and Ilcinkas, David and Korman, Amos and Peleg, David},
pages={335-346},
publisher = {Springer},
}



@incollection{GR08,
year={2008},
booktitle={Graph-Theoretic Concepts in Computer Science},
volume={5344},
series={LNCS},
title={Memory Efficient Anonymous Graph Exploration},
author={Gasieniec, Leszek and Radzik, Tomasz},
pages={14-29},
publisher = {Springer},
}


@article{traps13,
title = "Alternating traps in Muller and parity games ",
journal = "Theoretical Computer Science ",
volume = "",
number = "0",
pages = " - ",
year = "2013",
note = "",
author = "Andrey Grinshpun and Pakawat Phalitnonkiat and S. Rubin and Andrei Tarfulea",
}

@inproceedings{AJKR14,
title = {Parameterized Model Checking of Token-Passing Systems},
author = {B. Aminof and Swen Jacobs and Ayrat Khalimov and S. Rubin},
year = {2014},
booktitle = {VMCAI},
pages = {262-281},
}

@inproceedings{AKRSV14,
  author    = {B. Aminof and Tomer Kotek and Franesco Spegni and
               S. Rubin and Helmut Veith},
  title = "Parameterized model checking of Rendezvous Systems",
  year = 2014,
  booktitle = {CONCUR},
  pages = {109-124},
  }


@book{CE12,
  author    = {Bruno Courcelle and
               Joost Engelfriet},
  title     = {Graph Structure and Monadic Second-Order Logic - {A} Language-Theoretic
               Approach},
  series    = {Encyclopedia of mathematics and its applications},
  volume    = {138},
  publisher = {Cambridge University Press},
  year      = {2012},
  url       = {http://www.cambridge.org/fr/knowledge/isbn/item5758776/?site_locale=fr_FR},
  isbn      = {978-0-521-89833-1},
  timestamp = {Tue, 02 Apr 2013 19:11:24 +0200},
  biburl    = {http://dblp.uni-trier.de/rec/bib/books/daglib/0030804},
  bibsource = {dblp computer science bibliography, http://dblp.org}
}



@techreport{BeSl95,
 author = {Bender, M. A. and Slonim, D. K.},
 title = {The Power of Team Exploration: Two Robots Can Learn Unlabeled Directed Graphs},
 year = {1995},
 institution = {MIT},
 optaddress = {Cambridge, MA, USA},
}


@inproceedings{KKR06,
year={2006},
booktitle={SIROCCO},
OPTvolume={4056},
OPTseries={LNCS},
doi={10.1007/11780823_1},
title={Mobile Agent Rendezvous: A Survey},
author={Kranakis, Evangelos and Krizanc, Danny and Rajsbaum, Sergio},
pages={1-9},
OPTpublisher = {Springer},
}

@incollection{KKR07,
year={2007},
author={Kranakis, Evangelos and Krizanc, Danny and Rajsbaum, Sergio},
title = {Computing with Mobile Agents in Distributed Networks},
booktitle={Handbook of Parallel Computing: Models, Algorithms, and Applications},
series={CRC Press},
pages={Chapter 8},
}

@article{Das13,
  author    = {Shantanu Das},
  title     = {Mobile agents in distributed computing: Network exploration},
  journal   = {Bull. EATCS},
  volume    = {109},
  year      = {2013},
  pages     = {54-69},
 }

@article{Diks200438,
title = "Tree exploration with little memory ",
journal = "Journal of Algorithms ",
volume = "51",
number = "1",
pages = "38--63",
year = "2004",
note = "",
author = "Krzysztof Diks and Pierre Fraigniaud and Evangelos Kranakis and Andrzej Pelc",
}

@book{Rao93,
title={Robot navigation in unknown terrains: Introductory survey of non-heuristic algorithms},
author={Rao, N.S.V. and Kareti, S. and Shi, Weimin and Iyengar, S.S. },
year={1993}, month={Jul},
}



@inproceedings{Pelc11,
  author    = {Andrzej Pelc},
  title     = {DISC 2011 Invited Lecture: Deterministic Rendezvous in Networks:
               Survey of Models and Results},
  booktitle = {DISC},
  year      = {2011},
  pages     = {1-15},
  bibsource = {DBLP, http://dblp.uni-trier.de}
}

@incollection{FPS11,
year={2011},
isbn={978-3-642-14848-4},
booktitle={Theoretical Aspects of Distributed Computing in Sensor Networks},
optseries={Monographs in Theoretical Computer Science. An EATCS Series},
series = {EATCS},
doi={10.1007/978-3-642-14849-1_21},
title={Computing by Mobile Robotic Sensors},
url={http://dx.doi.org/10.1007/978-3-642-14849-1_21},
publisher={Springer},
author={Flocchini, Paola and Prencipe, Giuseppe and Santoro, Nicola},
pages={655-693},
language={English}
}

@inproceedings{DBLP:conf/atal/Endriss05,
  author    = {Ulle Endriss},
  title     = {Temporal logics for normative agent communication protocols},
  booktitle = {4th International Joint Conference on Autonomous Agents and Multiagent
               Systems {(AAMAS} 2005), July 25-29, 2005, Utrecht, The Netherlands},
  pages     = {1127--1128},
  year      = {2005},
  crossref  = {DBLP:conf/atal/2005},
  url       = {http://doi.acm.org/10.1145/1082473.1082656},
  doi       = {10.1145/1082473.1082656},
  timestamp = {Thu, 27 Aug 2009 16:21:39 +0200},
  biburl    = {http://dblp.uni-trier.de/rec/bib/conf/atal/Endriss05},
  bibsource = {dblp computer science bibliography, http://dblp.org}
}

@inproceedings{DBLP:conf/ijcai/HerzigLMT11,
  author    = {Andreas Herzig and
               Emiliano Lorini and
               Fr{\'{e}}d{\'{e}}ric Moisan and
               Nicolas Troquard},
  title     = {A Dynamic Logic of Normative Systems},
  booktitle = {{IJCAI} 2011, Proceedings of the 22nd International Joint Conference
               on Artificial Intelligence, Barcelona, Catalonia, Spain, July 16-22,
               2011},
  pages     = {228--233},
  year      = {2011},
  crossref  = {DBLP:conf/ijcai/2011},
  url       = {http://dx.doi.org/10.5591/978-1-57735-516-8/IJCAI11-049},
  doi       = {10.5591/978-1-57735-516-8/IJCAI11-049},
  timestamp = {Wed, 20 Jul 2016 14:35:20 +0200},
  biburl    = {http://dblp.uni-trier.de/rec/bib/conf/ijcai/HerzigLMT11},
  bibsource = {dblp computer science bibliography, http://dblp.org}
}

@proceedings{DBLP:conf/atal/2005,
  title     = {4th International Joint Conference on Autonomous Agents and Multiagent
               Systems {(AAMAS} 2005), July 25-29, 2005, Utrecht, The Netherlands},
  publisher = {{ACM}},
  year      = {2005},
  isbn      = {1-59593-094-9},
  timestamp = {Thu, 27 Aug 2009 16:21:39 +0200},
  biburl    = {http://dblp.uni-trier.de/rec/bib/conf/atal/2005},
  bibsource = {dblp computer science bibliography, http://dblp.org}
}


@incollection{FPSW99,
year={1999},
isbn={978-3-540-66916-6},
booktitle={Algorithms and Computation},
volume={1741},
series={LNCS},
doi={10.1007/3-540-46632-0_10},
title={Hard Tasks for Weak Robots: The Role of Common Knowledge in Pattern Formation by Autonomous Mobile Robots},
url={http://dx.doi.org/10.1007/3-540-46632-0_10},
publisher={Springer},
author={Flocchini, Paola and Prencipe, Giuseppe and Santoro, Nicola and Widmayer, Peter},
pages={93-102},
language={English}
}

article{DBLP:journals/japll/WooldridgeH05,
  author    = {Michael Wooldridge and
               Wiebe van der Hoek},
  title     = {On obligations and normative ability: Towards a logical analysis of
               the social contract},
  journal   = {J. Applied Logic},
  volume    = {3},
  number    = {3-4},
  pages     = {396--420},
  year      = {2005},
  url       = {http://dx.doi.org/10.1016/j.jal.2005.04.006},
  doi       = {10.1016/j.jal.2005.04.006},
  timestamp = {Tue, 04 Jul 2006 12:35:38 +0200},
  biburl    = {http://dblp.uni-trier.de/rec/bib/journals/japll/WooldridgeH05},
  bibsource = {dblp computer science bibliography, http://dblp.org}
}



@book{FPS12,
  author    = {Paola Flocchini and
               Giuseppe Prencipe and
               Nicola Santoro},
  title     = {Distributed Computing by Oblivious Mobile Robots},
  series    = {Synthesis Lectures on Distributed Computing Theory},
  year      = {2012},
  ee        = {http://dx.doi.org/10.2200/S00440ED1V01Y201208DCT010},
  bibsource = {DBLP, http://dblp.uni-trier.de}
}

%HYBRID and ENRICHED mu calc

@inproceedings{SaVa01,
    author    = {Ulrike Sattler and
                     Moshe Y. Vardi},
      title     = {The Hybrid $\mu$-Calculus},
        booktitle = {IJCAR},
          year      = {2001},
            pages     = {76-91},
}

article{BLMV08,
author      =   "Piero A. Bonatti and Carsten Lutz and A. Murano and Moshe Y. Vardi",
title       =   "The Complexity of Enriched $\mu$-Calculi",
Journal     =   "LMCS",
volume      =   "4",
number      =   "3:11",
pages       =   "1--27",
year        =   "2008"
}

@Article{FullVersion,
   author = {{Aminof}, B. and {Jacobs}, S. and {Khalimov}, A. and {Rubin}, S.
    },
    title = "{Parameterized Model Checking of Token-Passing Systems}",
  journal = {ArXiv e-prints},

  volume    = {abs/1311.4425},
  ee        = {http://arxiv.org/abs/1311.4425},
  archivePrefix = "arXiv",
  eprint = {1311.4425},
  primaryClass = "cs.LO",
  keywords = {Computer Science - Logic in Computer Science},
     year = 2013,
    month = nov,
   adsurl = {http://adsabs.harvard.edu/abs/2013arXiv1311.4425A},
  adsnote = {Provided by the SAO/NASA Astrophysics Data System}
}

@inproceedings{ES94,
    author    = {E. Allen Emerson and
                     A. Prasad Sistla},
      title     = {Symmetry and Model Checking},
        booktitle = {CAV},
          year      = {1993},
            pages     = {463-478},
}

@article{FV59,
	Author = {Feferman and Vaught},
	Journal = {Fund. Math.},
	Pages = {57--103},
	Title = {The first-order properties of algebraic systems},
	Volume = {47},
	Year = {1959}
}

@article{igor12,
  author    = {Annu John and
               Igor Konnov and
               Ulrich Schmid and
               Helmut Veith and
               Josef Widder},
  title     = {Counter Attack on Byzantine Generals: Parameterized Model
               Checking of Fault-tolerant Distributed Algorithms},
  journal   = {CoRR},
  volume    = {abs/1210.3846},
  year      = {2012},
  ee        = {http://arxiv.org/abs/1210.3846},
  bibsource = {DBLP, http://dblp.uni-trier.de},
}

@article{Rabi07,
 author = {Rabinovich, Alexander},
 title = {On compositionality and its limitations},
 journal = {ACM Trans. Comput. Logic},
 issue_date = {January 2007},
 volume = {8},
 number = {1},
 month = jan,
 year = {2007},
 articleno = {4},
 doi = {10.1145/1182613.1182617},
 acmid = {1182617},
 publisher = {ACM},
 keywords = {Compositional verification, Feferman-Vaught theorem, composition methods, modal logic},
}


@article{SKS,
title = "Branching-Depth Hierarchies ",
journal = "ENTCS",
volume = "39",
number = "1",
pages = "65 - 78",
year = "2003",
doi = "http://dx.doi.org/10.1016/S1571-0661(05)82504-6",
author = "Shoham Shamir and Orna Kupferman and Eli Shamir"
}


@article{Finkel2001,
title = "Well-structured transition systems everywhere! ",
journal = "Theoretical Computer Science ",
volume = "256",
number = "1--2",
pages = "63--92",
year = "2001",
note = "<ce:title>ISS</ce:title> ",
doi = "http://dx.doi.org/10.1016/S0304-3975(00)00102-X",
url = "http://www.sciencedirect.com/science/article/pii/S030439750000102X",
author = "A. Finkel and Ph. Schnoebelen"
}

@book{MP92,
  author    = {Zohar Manna and
               Amir Pnueli},
  title     = {The temporal logic of reactive and concurrent systems -
               specification},
  publisher = {Springer},
  year      = {1992},
  pages     = {I-XIV, 1-427},
  bibsource = {DBLP, http://dblp.uni-trier.de}
}

@inproceedings{Lamport83,
  author    = {Leslie Lamport},
  title     = {What Good is Temporal Logic?},
  booktitle = {IFIP Congress},
  year      = {1983},
  pages     = {657-668},
  bibsource = {DBLP, http://dblp.uni-trier.de}
}


@article{ZuckP04,
  author    = {Lenore D. Zuck and
               Amir Pnueli},
  title     = {Model checking and abstraction to the aid of parameterized
               systems (a survey)},
  journal   = {Computer Languages, Systems {\&} Structures},
  volume    = {30},
  number    = {3-4},
  year      = {2004},
  pages     = {139-169},
  ee        = {http://dx.doi.org/10.1016/j.cl.2004.02.006},
  bibsource = {DBLP, http://dblp.uni-trier.de}
}


@article{Petri,
  author    = {Javier Esparza and
               Mogens Nielsen},
  title     = {Decidability Issues for Petri Nets - a survey},
  journal   = {Bull. EATCS},
  volume    = {52},
  year      = {1994},
  pages     = {244-262},
  bibsource = {DBLP, http://dblp.uni-trier.de}
}


@book{rogers,
author="Rogers, H.jun.",
title="{Theory of recursive functions and effective computability.}",
language="English",
publisher="{Maidenhead, Berksh.: McGraw-Hill Publishing Company, Ltd. 512 p. }",
year="1967",
keywords="{recursion theory, constructive mathematics}",
}

@incollection{Abdulla04,
year={2004},
booktitle={CONCUR},
volume={3170},
series={LNCS},
title={A Survey of Regular Model Checking},
author={Abdulla, ParoshAziz and Jonsson, Bengt and Nilsson, Marcus and Saksena, Mayank},
pages={35-48},
}


@book{Minsky67,
 author = {Minsky, Marvin L.},
 title = {Computation: finite and infinite machines},
 year = {1967},
 publisher = {Prentice-Hall, Inc.},
}

@INPROCEEDINGS{Wibling04,
    author = {Oskar Wibling and Joachim Parrow and Arnold Pears},
    title = {Automatized Verification of Ad Hoc Routing Protocols},
    booktitle = {In: Proc. 24th IFIP WG 6.1 International Conference on Formal Techniques for Networked and Distributed Systems},
    year = {2004},
    pages = {343--358},
}

@incollection{Abdulla13,
year={2013},
booktitle={Formal Techniques for Distributed Systems},
volume={7892},
series={LNCS},
title={Verification of Directed Acyclic Ad Hoc Networks},
author={Abdulla, ParoshAziz and Atig, MohamedFaouzi and Rezine, Othmane},
pages={193-208},
}

@inproceedings{Delz14,
  author    = {Giorgio Delzanno},
  title     = {Parameterized Verification and Model Checking for Distributed Broadcast
               Protocols},
  booktitle = {{ICGT}},
  year      = {2014},
  pages     = {1--16},
}

@incollection{DelzannoTraverso13,
year={2013},
booktitle={Language and Automata Theory and Applications},
volume={7810},
series={LNCS},
editor={Dediu, Adrian-Horia and Martín-Vide, Carlos and Truthe, Bianca},
doi={10.1007/978-3-642-37064-9_22},
title={Decidability and Complexity Results for Verification of Asynchronous Broadcast Networks},
keywords={Infinite-state Systems; Broadcast Protocols; Verification},
author={Delzanno, Giorgio and Traverso, Riccardo},
pages={238-249}
}

@article{Camp02,
  title={A survey of mobility models for ad hoc network research},
  author={Camp, Tracy and Boleng, Jeff and Davies, Vanessa},
  journal={Wireless Communications and Mobile Computing},
  volume={2},
  number={5},
  pages={483--502},
  year={2002},
  publisher={Wiley Online Library}
}

@Article{Emerso03,
  author =       {E. A. Emerson and K. S. Namjoshi},
  title =        {On Reasoning about Rings},
  journal =      {Int. J. Found. Comput. Sci.},
  year =         2003,
  volume =       14,
  number    = {4},
  pages =        {527-550}}

@book{Handy93,
 author = {Handy, Jim},
 title = {The cache memory book},
 year = {1993},
 publisher = {Academic Press Professional, Inc.},
}

@book{Milner82,
 author = {Milner, R.},
 title = {A  Calculus of Communicating Systems},
 year = {1982},
 publisher = {Springer},
}

@inproceedings{ACJT96,
 author={Abdulla, P.A. and Cerans, K. and Jonsson, B. and Yih-Kuen Tsay},
 booktitle={LICS},
 title={General decidability theorems for infinite-state systems},
 year={1996},
 month={jul},
 volume={},
 number={},
 pages={313 -321},
 doi={10.1109/LICS.1996.561359},
 ISSN={1043-6871},}

@incollection{DelzannoSZG11,
year={2011},
booktitle={Foundations of Software Science and Computational Structures},
volume={6604},
series={LNCS},
doi={10.1007/978-3-642-19805-2_30},
title={On the Power of Cliques in the Parameterized Verification of Ad Hoc Networks},
author={Delzanno, Giorgio and Sangnier, Arnaud and Zavattaro, Gianluigi},
pages={441-455}
}

@incollection{DelzannoSZG12,
year={2012},
booktitle={Formal Techniques for Distributed Systems},
volume={7273},
series={LNCS},
doi={10.1007/978-3-642-30793-5_15},
title={Verification of Ad Hoc Networks with Node and Communication Failures},
author={Delzanno, Giorgio and Sangnier, Arnaud and Zavattaro, Gianluigi},
pages={235-250}
}

@inproceedings{GNRZ08,
year={2008},
booktitle={Automated Reasoning},
volume={5195},
series={LNCS},
doi={10.1007/978-3-540-71070-7_6},
title={Towards SMT Model Checking of Array-Based Systems},
author={Ghilardi, Silvio and Nicolini, Enrica and Ranise, Silvio and Zucchelli, Daniele},
pages={67-82}
}

@inproceedings{Delzanno02,
 author = {Delzanno, Giorgio and Raskin, Jean-Fran\c{c}ois and Begin, Laurent Van},
 title = {Towards the Automated Verification of Multithreaded Java Programs},
 booktitle = {Proceedings of the 8th International Conference on Tools and Algorithms for the Construction and Analysis of Systems},
 series = {TACAS '02},
 year = {2002},
 pages = {173--187},
 numpages = {15},
 acmid = {694620},
}

@inproceedings{Espa14,
  author    = {Javier Esparza},
  title     = {Keeping a Crowd Safe: On the Complexity of Parameterized Verification
               (Invited Talk)},
  booktitle = {STACS},
  year      = {2014},
  pages     = {1--10},
  url       = {http://dx.doi.org/10.4230/LIPIcs.STACS.2014.1},
  doi       = {10.4230/LIPIcs.STACS.2014.1},
  timestamp = {Thu, 11 Sep 2014 09:45:45 +0200},
  biburl    = {http://dblp.uni-trier.de/rec/bib/conf/stacs/Esparza14},
  bibsource = {dblp computer science bibliography, http://dblp.org}
}

@article{EsparzaFM99,
author = {Javier Esparza and Alain Finkel and Richard Mayr},
title = {On the Verification of Broadcast Protocols},
journal ={LICS},
year = {1999},
pages = {352--359},
doi = {http://doi.ieeecomputersociety.org/10.1109/LICS.1999.782630},
}

@incollection{EmersonK00,
 year={2000},
 booktitle={Automated Deduction - CADE-17},
 volume={1831},
 series={LNCS},
 doi={10.1007/10721959_19},
 title={Reducing Model Checking of the Many to the Few},
 publisher={Springer},
 author={Emerson, E.Allen and Kahlon, Vineet},
 pages={236-254}
}

@incollection{EmersonN96,
 year={1996},
 booktitle={Computer Aided Verification},
 volume={1102},
 series={LNCS},
 doi={10.1007/3-540-61474-5_60},
 title={Automatic verification of parameterized synchronous systems},
 publisher={Springer},
 author={Emerson, E.Allen and Namjoshi, KedarS.},
 pages={87-98}
}

@incollection{KJB13,
year={2013},
booktitle={VMCAI},
volume={7737},
series={LNCS},
doi={10.1007/978-3-642-35873-9_9},
title={Towards Efficient Parameterized Synthesis},
publisher={Springer},
author={Khalimov, Ayrat and Jacobs, Swen and Bloem, Roderick},
pages={108-127}
}


@inproceedings{EmersonN98,
  author    = {Emerson, E. Allen  and
               Namjoshi, Kedar S. },
  title     = {On Model Checking for Non-Deterministic
Infinite-State Systems},
  booktitle = {LICS},
  year      = {1998},
  publisher = {IEEE Computer Society},
  pages     = {70--80}
}

@inproceedings{EmersonK02,
  author    = {Emerson, E. Allen  and
               Kahlon, Vineet },
  title     = {Model Checking Large-Scale and Parameterized Resource
Allocation Systems},
  booktitle = {TACAS},
  year      = {2002},
  pages     = {251--265},
  series    = {LNCS},
  volume    = {2280}
}

@inproceedings{FW12,
year={2012},
booktitle={CONCUR},
volume={7454},
series={LNCS},
title={Efficient Checking of Link-Reversal-Based Concurrent Systems},
author={F{\"u}gger, Matthias and Widder, Josef},
pages={486--499}
}

@inproceedings{BouajjaniHV03,
  author    = {Ahmed Bouajjani and
               Peter Habermehl and
               Tom{\'a}s Vojnar},
  title     = {Verification of Parametric Concurrent Systems with Prioritized
               FIFO Resource Management},
  booktitle = {CONCUR},
  year      = {2003},
  pages     = {172--187},
  series    = {LNCS},
  volume    = {2761}
}



@inproceedings{DelzannoSZ10,
  author    = {Giorgio Delzanno and
               Arnaud Sangnier and
               Gianluigi Zavattaro},
  title     = {Parameterized Verification of Ad Hoc Networks},
  booktitle = {CONCUR},
  pages     = {313--327},
  series    = {LNCS},
  volume    = {6269},
  year      = {2010}
}



@inproceedings{TalupurT08,
  author    = {Murali Talupur and
               Tuttle, Mark R. },
  title     = {Going with the Flow: Parameterized Verification Using Message
               Flows},
  booktitle = {FMCAD},
  year      = {2008},
  pages     = {1--8},
  publisher = {IEEE},
}

@article{DDS87,
 author = {Dolev, Danny and Dwork, Cynthia and Stockmeyer, Larry},
 title = {On the minimal synchronism needed for distributed consensus},
 journal = {J. ACM},
 volume = {34},
 issue = {1},
 month = {January},
 year = {1987},
 pages = {77--97}
}

@inproceedings{BF13,
  author    = {Nathalie Bertrand and
               Paulin Fournier},
  title     = {Parameterized Verification of Many Identical Probabilistic
               Timed Processes},
  booktitle = {FSTTCS},
  year      = {2013},
  pages     = {501-513},
  ee        = {http://dx.doi.org/10.4230/LIPIcs.FSTTCS.2013.501},
  bibsource = {DBLP, http://dblp.uni-trier.de}
}

@Misc{KVW12,
  author = 	 {Igor Konnov and Helmut Veith and Josef Widder},
  title = 	 {{Who is afraid of Model Checking Distributed Algorithms?}},
  OPTkey = 	 {},
  OPTpages = 	 {},
  year = 	 {2012},
  OPTeditor = 	 {},
  OPTvolume = 	 {},
  OPTnumber = 	 {},
  OPTseries = 	 {},
  OPTmonth = 	 {},
  OPTorganization = {},
  OPTpublisher = {},
  note = 	 {Unpublished contribution to: CAV Workshop {$(EC)^2$}. \url{http://forsyte.at/wp-content/uploads/2012/07/ec2-konnov.pdf}},
  OPTannote = 	 {}
}

 @inproceedings{McMillan01,
  author    = {McMillan, Kenneth L. },
  title     = {Parameterized Verification of the FLASH Cache Coherence
               Protocol by Compositional Model Checking},
  booktitle = {CHARME},
  year      = {2001},
  pages     = {179--195},
  publisher = {Springer},
  series    = {LNCS},
  volume    = {2144}
}


@inproceedings{EmersonK03CHARME,
  author    = {Emerson, E. Allen  and
               Vineet Kahlon},
  title     = {Exact and Efficient Verification of Parameterized Cache
               Coherence Protocols},
  booktitle = {CHARME},
  year      = {2003},
  pages     = {247--262},
  publisher = {Springer},
  series    = {LNCS},
  volume    = {2860}
}

@incollection{EmersonK03TACAS,
year={2003},
booktitle={Tools and Algorithms for the Construction and Analysis of Systems},
volume={2619},
series={LNCS},
editor={Garavel, Hubert and Hatcliff, John},
title={Rapid Parameterized Model Checking of Snoopy Cache Coherence Protocols},
publisher={Springer},
author={Emerson, E.Allen and Kahlon, Vineet},
pages={144-159},
language={English}
}


@inproceedings{EmersonK03LICS,
  title={Model checking guarded protocols},
  author={Emerson, E.A. and Kahlon, V.},
  booktitle={LICS},
  pages={361--370},
  year={2003},
  organization={IEEE}
}

@inproceedings{EK04,
  author    = {Emerson, E. Allen  and
               Vineet Kahlon},
  title     = {Parameterized Model Checking of Ring-Based Message Passing
               Systems},
  booktitle = {CSL},
  year      = {2004},
  pages     = {325--339},
  publisher = {Springer},
  series    = {LNCS},
  volume    = {3210}
}


@inproceedings{FK12,
author = {Farzan, Azadeh and Kincaid, Zachary},
title = {Verification of parameterized concurrent programs by modular reasoning about data and control},
booktitle = {POPL },
year = {2012},
pages = {297-–308},
numpages = {12},
acmid = {2103693},
}


@inproceedings{DKKW11,
  AUTHOR    = { Donaldson, Alastair
                and Kaiser, Alexander
                and Kroening, Daniel
                and Wahl, Thomas },
  TITLE     = { Symmetry-Aware Predicate Abstraction for Shared-Variable Concurrent Programs },
  BOOKTITLE = { CAV },
  YEAR      = { 2011 },
  PUBLISHER = { Springer },
  PAGES     = { 356--371 },
  SERIES    = { LNCS },
  VOLUME    = { 6806 },
}
@inproceedings{KKW10,
  AUTHOR    = { Kaiser, Alexander
                and Kroening, Daniel
                and Wahl, Thomas },
  TITLE     = { Dynamic Cutoff Detection in Parameterized Concurrent Programs },
  BOOKTITLE = { CAV },
  YEAR      = { 2010 },
  PUBLISHER = { Springer },
  PAGES     = { 654--659 },
  SERIES    = { LNCS },
  VOLUME    = { 6174 },
}


@article{ShohamG08,
  author    = {Sharon Shoham and
               Orna Grumberg},
  title     = {3-Valued abstraction: More precision at less cost},
  journal   = {Inf. Comput.},
  volume    = {206},
  number    = {11},
  year      = {2008},
  pages     = {1313--1333}
}


@inproceedings{HenzingerJMS02,
  author    = {Henzinger, Thomas A.  and
               Ranjit Jhala and
               Rupak Majumdar and
               Gr{\'e}goire Sutre},
  title     = {Lazy abstraction},
  booktitle = {POPL},
  publisher = {ACM},
  year      = {2002},
  pages     = {58--70}
}


@article{schobbens2004alternating,
  title={Alternating-time logic with imperfect recall},
  author={Schobbens, Pierre-Yves},
  journal={Electronic Notes in Theoretical Computer Science},
  volume={85},
  number={2},
  pages={82--93},
  year={2004},
  publisher={Elsevier}
}


@inproceedings{Lamport11a,
  author    = {Leslie Lamport},
  title     = {Byzantizing Paxos by Refinement},
  booktitle = {DISC},
  pages     = {211--224},
  publisher = {Springer},
  series    = {LNCS},
  volume    = {6950},
  year      = {2011},
}
@article{TS11,
  author    = {Tatsuhiro Tsuchiya and
               Andr{\'e} Schiper},
  title     = {Verification of consensus algorithms using satisfiability
               solving},
  journal   = {Distributed Computing},
  volume    = {23},
  number    = {5--6},
  year      = {2011},
  pages     = {341--358},
  bibsource = {DBLP, http://dblp.uni-trier.de}
}
@InProceedings{SWR02:hom,
  author =       {Ulrich Schmid and Bettina Weiss and John Rushby},
  title =        {Formally Verified {B}yzantine Agreement in Presence of
                  Link Faults},
  booktitle =    "ICDCS",
  year =         2002,
  pages =        "608--616",
}

@inproceedings{SteinerRSP04,
  author    = {Wilfried Steiner and
               Rushby, John M.  and
               Maria Sorea and
               Holger Pfeifer},
  title     = {Model Checking a Fault-Tolerant Startup Algorithm: From
               Design Exploration To Exhaustive Fault Simulation},
  booktitle = {DSN},
  year      = {2004},
  pages     = {189--198},
  bibsource = {DBLP, http://dblp.uni-trier.de}
}

@article{Charron-BostM09,
  author    = {Bernadette Charron-Bost and
               Stephan Merz},
  title     = {Formal Verification of a Consensus Algorithm in the Heard-Of
               Model},
  journal   = {Int. J. Software and Informatics},
  volume    = {3},
  number    = {2--3},
  year      = {2009},
  pages     = {273--303},
  bibsource = {DBLP, http://dblp.uni-trier.de}
}


@Article{ST87:abc,
  author =       {T.K. Srikanth and Sam Toueg},
  title =        {Simulating authenticated broadcasts to derive simple
                  fault-tolerant algorithms},
  journal =      {Distributed Computing},
  year =         {1987},
  volume =       {2},
  pages =        {80--94},
}

@Article{NT90,
  author =       {Neiger, Gil and Toueg, Sam},
  title =        {Automatically Increasing the Fault-Tolerance of Distributed Algorithms},
  journal =      {J. of Algorithms},
  year =         {1990},
  OPTkey =       {},
  volume =       {11},
  OPTnumber =    {},
  pages =        {374--419},
  OPTmonth =     {},
  OPTnote =      {},
  OPTannote =    {}
}


@Article{LSP80,
  author =       {Marshall Pease and Robert Shostak and Leslie Lamport},
  title =        {Reaching Agreement in the presence of faults},
  journal =      {J.ACM},
  year =         {1980},
  OPTkey =       {},
  volume =       {27},
  number =       {2},
  pages =        {228--234},
  month =        {April},
  OPTnote =      {},
  OPTannote =    {cf. PSL80}
}

@Article{DLS88,
  author =       "Cynthia Dwork and Nancy Lynch and Larry Stockmeyer",
  title =        "Consensus in the Presence of Partial Synchrony",
  journal =      "J.ACM",
  year =         1988,
  month =        apr,
  volume =       35,
  number =       2,
  pages =        "288--323",
}


@Article{ST87,
  author =       "T. K. Srikanth and Sam Toueg",
  title =        "Optimal Clock Synchronization",
  journal =      "Journal of the ACM",
  year =         1987,
  volume =       34,
  number =       3,
  pages =        "626--645",
  month =        jul,
}

@InProceedings{FSFK06:EDCC,
  author =      "Matthias Fuegger and Ulrich Schmid and Gottfried Fuchs and Gerald Kempf",
  title =      "{F}ault-{T}olerant {D}istributed {C}lock {G}eneration in {VLSI} {S}ystems-on-{C}hip",
  booktitle =     {EDCC-6},
  pages =     {87--96},
  year =     {2006},
  month =     oct,
  publisher =     {IEEE Computer Society Press},
}


@inproceedings{ADFT06:DSN,
     author = {Aguilera,, Marcos K. and Delporte-Gallet,, Carole and
         Fauconnier,, Hugues and Toueg,, Sam},
     title = {Consensus with {B}yzantine Failures and Little System Synchrony},
     booktitle = {DSN},
     year = {2006},
     pages = {147--155},
     publisher = {IEEE Computer Society},
}


@ARTICLE{FLP85,
  author =       "Michael J. Fischer and Nancy A. Lynch and
                  M. S. Paterson",
  title =        "Impossibility of Distributed Consensus with one
                  Faulty Process",
  journal =      "Journal of the ACM",
  volume =       32,
  number =       2,
  year =         1985,
  month =        apr,
  pages =        "374--382",
}


@InProceedings{BCGHSW07:PODC,
  author =       "Biely, Martin and Charron-Bost, Bernadette and Gaillard, Antoine and Hutle, Martin and Schiper, Andr{\
'e} and Widder, Josef",
  title =        {Tolerating Corrupted Communication},
  booktitle =    "PODC",
  year =         2007,
  pages = {244--253}
}

@inproceedings{DBLP:conf/lpar/AminofRZ15,
  author    = {B. Aminof and
               S. Rubin and
               F. Zuleger},
  title     = {On the Expressive Power of Communication Primitives in Parameterised
               Systems},
  booktitle = {Logic for Programming, Artificial Intelligence, and Reasoning - 20th
               International Conference, {LPAR-20} 2015, Suva, Fiji, November 24-28,
               2015, Proceedings},
  pages     = {313--328},
  year      = {2015},
  crossref  = {DBLP:conf/lpar/2015},
  url       = {http://dx.doi.org/10.1007/978-3-662-48899-7_22},
  doi       = {10.1007/978-3-662-48899-7_22},
  timestamp = {Wed, 02 Dec 2015 15:09:37 +0100},
  biburl    = {http://dblp.uni-trier.de/rec/bib/conf/lpar/AminofRZ15},
  bibsource = {dblp computer science bibliography, http://dblp.org}
}

@inproceedings{DBLP:conf/focs/PnueliR90,
  author    = {Amir Pnueli and
               Roni Rosner},
  title     = {Distributed Reactive Systems Are Hard to Synthesize},
  booktitle = {31st Annual Symposium on Foundations of Computer Science, St. Louis,
               Missouri, USA, October 22-24, 1990, Volume {II}},
  pages     = {746--757},
  year      = {1990},
  crossref  = {DBLP:conf/focs/FOCS31b},
  url       = {http://dx.doi.org/10.1109/FSCS.1990.89597},
  doi       = {10.1109/FSCS.1990.89597},
  timestamp = {Mon, 15 Jun 2015 19:00:07 +0200},
  biburl    = {http://dblp.uni-trier.de/rec/bib/conf/focs/PnueliR90},
  bibsource = {dblp computer science bibliography, http://dblp.org}
}

@proceedings{DBLP:conf/focs/FOCS31b,
  title     = {31st Annual Symposium on Foundations of Computer Science, St. Louis,
               Missouri, USA, October 22-24, 1990, Volume {II}},
  publisher = {{IEEE} Computer Society},
  year      = {1990},
  url       = {http://ieeexplore.ieee.org/xpl/mostRecentIssue.jsp?punumber=310},
  timestamp = {Mon, 15 Jun 2015 19:00:07 +0200},
  biburl    = {http://dblp.uni-trier.de/rec/bib/conf/focs/FOCS31b},
  bibsource = {dblp computer science bibliography, http://dblp.org}
}


@proceedings{DBLP:conf/lpar/2015,
  title     = {Logic for Programming, Artificial Intelligence, and Reasoning - 20th
               International Conference, {LPAR-20} 2015, Suva, Fiji, November 24-28,
               2015, Proceedings},
  series    = {LNCS},
  volume    = {9450},
  publisher = {Springer},
  year      = {2015},
  url       = {http://dx.doi.org/10.1007/978-3-662-48899-7},
  doi       = {10.1007/978-3-662-48899-7},
  isbn      = {978-3-662-48898-0},
  timestamp = {Wed, 02 Dec 2015 15:05:10 +0100},
  biburl    = {http://dblp.uni-trier.de/rec/bib/conf/lpar/2015},
  bibsource = {dblp computer science bibliography, http://dblp.org}
}


@InCollection {PXZ02,
   author = {Pnueli, Amir and Xu, Jessie and Zuck, Lenore},
   affiliation = {Weizmann Institute of Science Rehovot Israel},
   title = {Liveness with (0,1,{$\infty$})- Counter Abstraction},
   booktitle = {CAV},
   series = {LNCS},
   publisher = {Springer},
   pages = {93--111},
   volume = {2404},
   year = {2002}
}

@article{DBLP:journals/japll/WooldridgeH05,
  author    = {Michael Wooldridge and
               Wiebe van der Hoek},
  title     = {On obligations and normative ability: Towards a logical analysis of
               the social contract},
  journal   = {J. Applied Logic},
  volume    = {3},
  number    = {3-4},
  pages     = {396--420},
  year      = {2005},
  url       = {http://dx.doi.org/10.1016/j.jal.2005.04.006},
  doi       = {10.1016/j.jal.2005.04.006},
  timestamp = {Tue, 04 Jul 2006 12:35:38 +0200},
  biburl    = {http://dblp.uni-trier.de/rec/bib/journals/japll/WooldridgeH05},
  bibsource = {dblp computer science bibliography, http://dblp.org}
}


@inproceedings{DBLP:conf/ijcai/AgotnesHRSW07,
  author    = {Thomas {\AA}gotnes and
               Wiebe van der Hoek and
               Juan A. Rodr{\'{\i}}guez{-}Aguilar and
               Carles Sierra and
               Michael Wooldridge},
  title     = {On the Logic of Normative Systems},
  booktitle = {{IJCAI} 2007, Proceedings of the 20th International Joint Conference
               on Artificial Intelligence, Hyderabad, India, January 6-12, 2007},
  pages     = {1175--1180},
  year      = {2007},
  crossref  = {DBLP:conf/ijcai/2007},
  url       = {http://ijcai.org/Proceedings/07/Papers/190.pdf},
  timestamp = {Wed, 20 Jul 2016 13:58:40 +0200},
  biburl    = {http://dblp.uni-trier.de/rec/bib/conf/ijcai/AgotnesHRSW07},
  bibsource = {dblp computer science bibliography, http://dblp.org}
}

@proceedings{DBLP:conf/ijcai/2007,
  title     = {{IJCAI} 2007, Proceedings of the 20th International Joint Conference
               on Artificial Intelligence, Hyderabad, India, January 6-12, 2007},
  year      = {2007},
  url       = {http://ijcai.org/proceedings/2007},
  timestamp = {Wed, 20 Jul 2016 13:58:40 +0200},
  biburl    = {http://dblp.uni-trier.de/rec/bib/conf/ijcai/2007},
  bibsource = {dblp computer science bibliography, http://dblp.org}
}


@inproceedings{DBLP:conf/focs/AlurHK97,
  author    = {Rajeev Alur and
               Thomas A. Henzinger and
               Orna Kupferman},
  title     = {Alternating-time Temporal Logic},
  booktitle = {38th Annual Symposium on Foundations of Computer Science, {FOCS} '97,
               Miami Beach, Florida, USA, October 19-22, 1997},
  pages     = {100--109},
  year      = {1997},
  crossref  = {DBLP:conf/focs/1997},
  url       = {http://dx.doi.org/10.1109/SFCS.1997.646098},
  doi       = {10.1109/SFCS.1997.646098},
  timestamp = {Tue, 16 Dec 2014 09:57:19 +0100},
  biburl    = {http://dblp.uni-trier.de/rec/bib/conf/focs/AlurHK97},
  bibsource = {dblp computer science bibliography, http://dblp.org}
}

@proceedings{DBLP:conf/focs/1997,
  title     = {38th Annual Symposium on Foundations of Computer Science, {FOCS} '97,
               Miami Beach, Florida, USA, October 19-22, 1997},
  publisher = {{IEEE} Computer Society},
  year      = {1997},
  url       = {http://ieeexplore.ieee.org/xpl/mostRecentIssue.jsp?punumber=5208},
  isbn      = {0-8186-8197-7},
  timestamp = {Mon, 15 Dec 2014 18:48:44 +0100},
  biburl    = {http://dblp.uni-trier.de/rec/bib/conf/focs/1997},
  bibsource = {dblp computer science bibliography, http://dblp.org}
}


@article{DBLP:journals/sLogica/HoekW03a,
  author    = {Wiebe van der Hoek and
               Michael Wooldridge},
  title     = {Cooperation, Knowledge, and Time: Alternating-time Temporal Epistemic
               Logic and its Applications},
  journal   = {Studia Logica},
  volume    = {75},
  number    = {1},
  pages     = {125--157},
  year      = {2003},
  url       = {http://dx.doi.org/10.1023/A:1026185103185},
  doi       = {10.1023/A:1026185103185},
  timestamp = {Fri, 09 Jan 2004 09:35:50 +0100},
  biburl    = {http://dblp.uni-trier.de/rec/bib/journals/sLogica/HoekW03a},
  bibsource = {dblp computer science bibliography, http://dblp.org}
}

@InCollection {BCCZ99,
   author = {Biere, Armin and Cimatti, Alessandro and Clarke, Edmund and Zhu, Yunshan},
   affiliation = {Carnegie Mellon University Computer Science Department 5000 Forbes
        Avenue Pittsburgh PA 15213 USA},
   title = {Symbolic Model Checking without {BDDs}},
   booktitle = {Tools and Algorithms for the Construction and Analysis of Systems},
   series = {LNCS},
   publisher = {Springer},
   keyword = {Computer Science},
   pages = {193-207},
   volume = {1579},
   year = {1999}
}

@incollection {LBHJ04,
   author = {Latvala, Timo and Biere, Armin and Heljanko, Keijo and Junttila, Tommi},
   affiliation = {Laboratory for Theoretical Computer Science, Helsinki University of Technology, P.O. Box 5400, FI-02015 HUT, Finland},
   title = {Simple Bounded {LTL} Model Checking},
   booktitle = {FMCAD},
   series = {LNCS},
   publisher = {Springer},
   keyword = {Computer Science},
   pages = {186-200},
   volume = {3312},
   year = {2004}
}

@incollection {CKOS2004,
   author = {Clarke, Edmund and Kroening, Daniel and Ouaknine, Joël and Strichman, Ofer},
   affiliation = {Computer Science Department, Carnegie Mellon University, Pittsburgh, PA, USA},
   title = {Completeness and Complexity of Bounded Model Checking},
   booktitle = {Verification, Model Checking, and Abstract Interpretation},
   series = {LNCS},
   publisher = {Springer},
   keyword = {Computer Science},
   pages = {85-96},
   volume = {2937},
   year = {2004}
}

@article{ES2003,
title = "Temporal Induction by Incremental {SAT} Solving",
journal = "Electronic Notes in Theoretical Computer Science",
volume = "89",
number = "4",
pages = "543 - 560",
year = "2003",
author = "Niklas Eén and Niklas Sörensson"
}

@incollection {BMWK2009,
   author = {Basler, Gérard and Mazzucchi, Michele and Wahl, Thomas and Kroening, Daniel},
   affiliation = {Computer Systems Institute, ETH Zurich, Switzerland},
   title = {Symbolic Counter Abstraction for Concurrent Software},
   booktitle = {CAV},
   series = {LNCS},
   publisher = {Springer},
   keyword = {Computer Science},
   pages = {64--78},
   volume = {5643},
   year = {2009}
}

@Article{GS92,
  author	= {German, Steven M. and Sistla, A. Prasad},
  title		= {Reasoning about systems with many processes},
  journal	= {J. ACM},
  volume	= {39},
  number	= {3},
  year		= {1992},
  pages		= {675--735},
  doi		= {http://doi.acm.org/10.1145/146637.146681},
  publisher	= {ACM},
}

@article{BCG1989,
 author = {Browne, M. C. and Clarke, E. M. and Grumberg, O.},
 title = {Reasoning about networks with many identical finite state processes},
 journal = {Inf. Comput.},
 volume = {81},
 issue = {1},
 year = {1989},
 pages = {13--31},
 numpages = {19},
 acmid = {69852},
 publisher = {Academic Press, Inc.},
}

@article {ES1996,
   author = {Emerson, E. Allen and Sistla, A. Prasad},
   title = {Symmetry and model checking},
   journal = {Formal Methods in System Design},
   publisher = {Springer},
   keyword = {Engineering},
   pages = {105-131},
   volume = {9},
   issue = {1},
   year = {1996}
}

@book {CGP1999,
   author = {Clarke, E. and Grumberg, O. and Peled, D.},
   title = {Model Checking},
   publisher = {MIT Press},
   year = {1999},
}

@article{DGG1997,
 author = {Dams, Dennis and Gerth, Rob and Grumberg, Orna},
 title = {Abstract interpretation of reactive systems},
 journal = {ACM Trans. Program. Lang. Syst.},
 issue_date = {March 1997},
 volume = {19},
 number = {2},
 month = mar,
 year = {1997},
 pages = {253--291},
 numpages = {39},
 acmid = {244800},
 publisher = {ACM},
 keywords = {abstract interpretation, formal methods, model checking, mu-calculus, reactive systems}
}

@inproceedings{CC1977,
 author = {Cousot, Patrick and Cousot, Radhia},
 title = {Abstract interpretation: a unified lattice model for static analysis of programs by construction or approximation of fixpoints},
 booktitle = {POPL},
 year = {1977},
 pages = {238--252},
 numpages = {15},
 publisher = {ACM},
}

@book{H2003,
  author = {Holzmann, Gerard},
  title = {The SPIN Model Checker: Primer and Reference Manual},
  year = {2003},
  publisher = {Addison-Wesley Professional},
}


@article{DolevLPSW86,
  author    = {Danny Dolev and
               Lynch, Nancy A.  and
               Pinter, Shlomit S.  and
               Stark, Eugene W.  and
               Weihl, William E. },
  title     = {Reaching approximate agreement in the presence of faults},
  journal   = {J. ACM},
  volume    = {33},
  number    = {3},
  year      = {1986},
  pages     = {499--516},
}

@article{PriscoMR01,
  author    = {De Prisco, Roberto  and
               Malkhi, Dahlia  and
               Reiter, Michael K. },
  title     = {On k-Set Consensus Problems in Asynchronous Systems},
  journal   = {IEEE Trans. Parallel Distrib. Syst.},
  volume    = {12},
  number    = {1},
  year      = {2001},
  pages     = {7--21},
  ee        = {http://doi.ieeecomputersociety.org/10.1109/71.899936}
}

@article{AT12,
   author = {Aguilera, Marcos and Toueg, Sam},
   title = {The correctness proof of {Ben-Or's} randomized consensus algorithm},
   journal = {Distributed Computing},
   publisher = {Springer},
   pages = {1--11},
   note = {online first},
   url = {http://dx.doi.org/10.1007/s00446-012-0162-z},
   year = {2012}
}

@inproceedings {CTV2008,
 author = {Clarke, Edmund and Talupur, Murali and Veith, Helmut},
 title = {Proving {Ptolemy} right: the environment abstraction framework for model checking concurrent systems},
 booktitle = {TACAS'08/ETAPS'08},
 year = {2008},
 pages = {33--47},
 numpages = {15},
 publisher = {Springer},
}

@InProceedings{EN95popl,
  author	= {Emerson, E.A. and Namjoshi, K.S.},
  title		= {Reasoning about rings},
  booktitle	= {POPL},
  pages		= {85--94},
  year		= {1995}
}

@article{EN95,
  author    = {E. Allen Emerson and
               Kedar S. Namjoshi},
  title     = {On Reasoning About Rings},
  journal   = {Int. J. Found. Comput. Sci.},
  volume    = {14},
  number    = {4},
  year      = {2003},
  pages     = {527-550},
  ee        = {http://dx.doi.org/10.1142/S0129054103001881},
  bibsource = {DBLP, http://dblp.uni-trier.de}
}

@InProceedings{CTTV04,
  author	= {Clarke, Edmund and Talupur, Muralidhar and Touili, Tayssir
		  and Veith, Helmut},
  title		= {Verification by Network Decomposition},
  booktitle		= {CONCUR 2004},
  volume	= {3170},
  pages		= {276--291},
  year		= {2004}
}

@InProceedings{	  CGJ95,
  author	= {Clarke, E.M. and Grumberg, O. and Jha, S.},
  title		= {Verifying parameterized networks using abstraction and
		  regular languages},
  booktitle	= {CONCUR},
  pages		= {395--407},
  year		= 1995
}

@Article{	  AK86,
  author	= {Apt, K. and Kozen, D.},
  title		= {Limits for automatic verification of finite-state
		  concurrent systems},
  journal	= {Inf. Process. Lett.},
  volume	= {15},
  pages		= {307--309},
  year		= {1986}
}

@article{Suzuki,
 author = {Suzuki, Ichiro},
 title = {Proving properties of a ring of finite-state machines},
 journal = {Inf. Process. Lett.},
 issue_date = {July 29, 1988},
 volume = {28},
 number = {4},
 month = jul,
 year = {1988},
 pages = {213--214},
 numpages = {2},
 acmid = {49240},
 publisher = {Elsevier North-Holland, Inc.},
}

@InProceedings{KM89,
  author	= {Kurshan, R. P. and McMillan, K.},
  title		= {A structural induction theorem for processes},
  booktitle	= {PODC},
  year		= {1989},
  pages		= {239--247},
  location	= {Edmonton, Alberta, Canada},
  doi		= {http://doi.acm.org/10.1145/72981.72998},
  publisher	= {ACM},
}

@Misc{		  LS97,
  author	= {Lesens, D. and Saidi, H.},
  title		= {Abstraction of Parameterized Networks},
  text		= {D. Lesens and H. Saidi. Abstraction of Parameterized
		  Networks. In F. Moller, editor, Electronic Notes in
		  Theoretical Computer Science 9, (Special issue for
		  Infinity'97, Bologna), 1997.},
  year		= {1997}
}

@InProceedings{	  M01,
  author	= {Maidl, Monika},
  title		= {A Unifying Model Checking Approach for Safety Properties
		  of Parameterized Systems},
  booktitle	= {CAV '01: Proceedings of the 13th International Conference
		  on Computer Aided Verification},
  year		= {2001},
  pages		= {311--323},
  publisher	= {Springer},
}

@incollection {JL98,
   author = {Jensen, Henrik and Lynch, Nancy},
   affiliation = {Institute for Electronic Systems, Aalborg University Department of Computer Science DK-9220 Aalborg Ø Denmark DK-9220 Aalborg Ø Denmark},
   title = {A proof of {Burns} n-process mutual exclusion algorithm using abstraction},
   booktitle = {TACAS},
   series = {LNCS},
   publisher = {Springer},
   keyword = {Computer Science},
   pages = {409-423},
   volume = {1384},
   year = {1998}
}

@book{BK08,
  author    = {Christel Baier and
               Joost-Pieter Katoen},
  title     = {Principles of model checking},
  publisher = {MIT Press},
  year      = {2008}
}


@INPROCEEDINGS{LR93,
author={Lincoln, P. and Rushby, J.},
booktitle={FTCS-23},
title={A formally verified algorithm for interactive consistency under a hybrid fault model},
year={1993},
month={jun},
volume={},
number={},
pages={402--411},
ISSN={},}

@inproceedings{SW89,
  author =       {Nicola Santoro and Peter Widmayer},
  title =        {Time is not a healer},
  booktitle =    {STACS)},
  publisher =    "Springer",
  series =       {LNCS},
  volume = {349},
  pages =        "304--313",
  year =         "1989",
}

@Book{Lyn96,
  author =       {Nancy Lynch},
  title =        {Distributed Algorithms},
  publisher =    {Morgan Kaufman Publishers, Inc.},
  year =         {1996},
}

@Book{AW04,
  author =       {Attiya, Hagit and Welch, Jennifer},
  title =        {Distributed Computing},
  publisher =    {John Wiley {\&} Sons},
  edition = {2nd},
  year =         {2004}
}



@Article{WS07:DC,
  author = {Josef Widder and Ulrich Schmid},
  title = {Booting Clock Synchronization in Partially Synchronous Systems with
  Hybrid Process and Link Failures},
  journal = {Distributed Computing},
  year = {2007},
  month = {August},
  volume = {20},
  number = {2},
  pages = {115--140},
  publisher = {Springer},
}

@article{BSW11:hyb,
  title = "Synchronous consensus under hybrid process and link failures",
  journal = "Theoretical Computer Science",
  volume = "412",
  number = "40",
  pages = "5602--5630",
  year = "2011",
  author = "Martin Biely and Ulrich Schmid and Bettina Weiss",
}

@phdthesis{T06,
  title = "Abstraction Techniques for Parameterized Verification",
  author = "Muralidhar Talupur",
  school = "Computer Science Department, Carnegie Mellon University",
  year = "2006",
  note = "CMU-CS-06-169"
}

@article{Clarke1994,
 author = {Clarke, Edmund M. and Grumberg, Orna and Long, David E.},
 title = {Model checking and abstraction},
 journal = {ACM Trans. Program. Lang. Syst.},
 issue_date = {Sept. 1994},
 volume = {16},
 number = {5},
 month = sep,
 year = {1994},
 pages = {1512--1542},
 numpages = {31},
 acmid = {186051},
 publisher = {ACM},
 keywords = {abstract interpretation, binary decision diagrams (BDDs), model checking, temporal logic},
}

@incollection {Ip1996,
   author = {Ip, C. and Dill, David},
   title = {Verifying systems with replicated components in mur$\phi$},
   booktitle = {CAV},
   series = {LNCS},
   publisher = {Springer},
   keyword = {Computer Science},
   pages = {147-158},
   volume = {1102},
   year = {1996}
}

@article{Clarke2003,
 author = {Clarke, Edmund and Grumberg, Orna and Jha, Somesh and Lu, Yuan and Veith, Helmut},
 title = {Counterexample-guided abstraction refinement for symbolic model checking},
 journal = {J. ACM},
 issue_date = {2003},
 volume = {50},
 number = {5},
 month = sep,
 year = {2003},
 pages = {752--794},
 numpages = {43},
 publisher = {ACM},
 keywords = {Abstraction, hardware verification, symbolic model checking, temporal logic},
}

@incollection{Lamport2006,
  title={Checking a multithreaded algorithm with+ CAL},
  author={Lamport, Leslie},
  booktitle={Distributed Computing},
  pages={151--163},
  year={2006},
  publisher={Springer},
}

@inproceedings{DBLP:conf/aose/OdellPFB02,
  author    = {James Odell and
               H. Van Dyke Parunak and
               Mitchell Fleischer and
               Sven Brueckner},
  title     = {Modeling Agents and Their Environment},
  booktitle = {Agent-Oriented Software Engineering III, Third International Workshop,
               {AOSE} 2002, Bologna, Italy, July 15, 2002, Revised Papers and Invited
               Contributions},
  pages     = {16--31},
  year      = {2002},
  crossref  = {DBLP:conf/aose/2002},
  url       = {https://doi.org/10.1007/3-540-36540-0_2},
  doi       = {10.1007/3-540-36540-0_2},
  timestamp = {Mon, 29 May 2017 16:53:44 +0200},
  biburl    = {http://dblp.uni-trier.de/rec/bib/conf/aose/OdellPFB02},
  bibsource = {dblp computer science bibliography, http://dblp.org}
}

@proceedings{DBLP:conf/aose/2002,
  editor    = {Fausto Giunchiglia and
               James Odell and
               Gerhard Wei{\ss}},
  title     = {Agent-Oriented Software Engineering III, Third International Workshop,
               {AOSE} 2002, Bologna, Italy, July 15, 2002, Revised Papers and Invited
               Contributions},
  series    = {Lecture Notes in Computer Science},
  volume    = {2585},
  publisher = {Springer},
  year      = {2003},
  url       = {https://doi.org/10.1007/3-540-36540-0},
  doi       = {10.1007/3-540-36540-0},
  isbn      = {3-540-00713-X},
  timestamp = {Mon, 29 May 2017 16:53:44 +0200},
  biburl    = {http://dblp.uni-trier.de/rec/bib/conf/aose/2002},
  bibsource = {dblp computer science bibliography, http://dblp.org}
}



@inproceedings{DBLP:conf/tacas/EmersonK02,
  author    = {E. Allen Emerson and
               Vineet Kahlon},
  title     = {Model Checking Large-Scale and Parameterized Resource Allocation Systems},
  booktitle = {Tools and Algorithms for the Construction and Analysis of Systems,
               8th International Conference, {TACAS} 2002, Held as Part of the Joint
               European Conference on Theory and Practice of Software, {ETAPS} 2002,
               Grenoble, France, April 8-12, 2002, Proceedings},
  pages     = {251--265},
  year      = {2002},
  crossref  = {DBLP:conf/tacas/2002},
  url       = {https://doi.org/10.1007/3-540-46002-0_18},
  doi       = {10.1007/3-540-46002-0_18},
  timestamp = {Fri, 26 May 2017 14:09:14 +0200},
  biburl    = {http://dblp.uni-trier.de/rec/bib/conf/tacas/EmersonK02},
  bibsource = {dblp computer science bibliography, http://dblp.org}
}

@proceedings{DBLP:conf/tacas/2002,
  editor    = {Joost{-}Pieter Katoen and
               Perdita Stevens},
  title     = {Tools and Algorithms for the Construction and Analysis of Systems,
               8th International Conference, {TACAS} 2002, Held as Part of the Joint
               European Conference on Theory and Practice of Software, {ETAPS} 2002,
               Grenoble, France, April 8-12, 2002, Proceedings},
  series    = {Lecture Notes in Computer Science},
  volume    = {2280},
  publisher = {Springer},
  year      = {2002},
  url       = {https://doi.org/10.1007/3-540-46002-0},
  doi       = {10.1007/3-540-46002-0},
  isbn      = {3-540-43419-4},
  timestamp = {Fri, 26 May 2017 14:09:14 +0200},
  biburl    = {http://dblp.uni-trier.de/rec/bib/conf/tacas/2002},
  bibsource = {dblp computer science bibliography, http://dblp.org}
}


