%%****************************************************************************%%
%%																																						%%
%% Logics in Computer Science																									%%
%%																																						%%
%% References.bib																															%%
%%																																						%%
%% Revision 1																																	%%
%%																																						%%
%% Copyright (C) 2011, Fabio Mogavero.																				%%
%% All rights reserved.																												%%
%%																																						%%
%%****************************************************************************%%

% Begin of file References.bib

% Conferences
@string{TIME = "International Symposium on Temporal Representation and Reasoning"}
@string{IJCAI = "International Joint Conference on Artificial Intelligence"}
@string{XAAMAS = "AAMAS"}
@string{AAMAS = "Autonomous Agents and Multiagent Systems"}
@string{XAIML = "AIML"}
@string{AIML = "Advances in Modal Logic"}
@string{XAIPS = "AIPS"}
@string{AIPS = "International Conference on Artificial Intelligence Planning
	Systems"}
@string{XATVA = "ATVA"}
@string{ATVA = "International Symposium on Automated Technology for Verification
	and Analysis"}
@string{XCADE = "CADE"}
@string{CADE = "Conference on Automated Deduction"}
@string{XCAV = "CAV"}
@string{CAV = "Computer Aided Verification"}
@string{XCLIMA = "CLIMA"}
@string{CLIMA = "International Workshop on Computational Logic in Multi-Agent
	Systems"}
@string{XCONCUR = "CONCUR"}
@string{CONCUR = "International Conference on Concurrency Theory"}
@string{XCSL = "CSL"}
@string{CSL = "EACSL Annual Conference on Computer Science Logic"}
@string{XDLT = "DLT"}
@string{DLT = "International Conference on Developments in Language Theory"}
@string{XECP = "ECP"}
@string{ECP = "European Conference on Planning"}
@string{XFOCS = "FOCS"}
@string{FOCS = "Foundation of Computer Science"}
@string{XFOSSACS = "FOSSACS"}
@string{FOSSACS = "Foundations of Software Science and Computation Structures"}
@string{XFSTTCS = "FSTTCS"}
@string{FSTTCS = "IARCS Annual Conference on Foundations of Software Technology
	and Theoretical Computer Science"}
@string{XICAISC = "ICAISC"}
@string{ICAISC = "International Conference on Artificial Intelligence and Soft
	Computing"}
@string{XICALP = "ICALP"}
@string{ICALP = "International Colloquium on Automata, Languages and
	Programming"}
@string{XICDT = "ICDT"}
@string{ICDT = "International Conference on Database Theory"}
@string{XICFEM = "ICFEM"}
@string{ICFEM = "International Conference on Formal Engineering Methods"}
@string{XLCC = "LCC"}
@string{LCC = "Logic and Computation Conference"}
@string{XLFCS = "LFCS"}
@string{LFCS = "Symposium on Logical Foundations of Computer Science"}
@string{XLICS = "LICS"}
@string{LICS = "Symposium on Logic in Computer Science"}
@string{XLP = "LP"}
@string{LP = "Logic of Programs"}
@string{XLPAR = "LPAR"}
@string{LPAR =	"International Conference on Logic for Programming Artificial
	Intelligence and Reasoning"}
@string{XMFCS = "MFCS"}
@string{MFCS = "International Symposiums on Mathematical Foundations of Computer
	Science"}
@string{XPOLICY = "POLICY"}
@string{POLICY = "IEEE Workshop on Policies for Distributed Systems and
	Networks"}
@string{XPOPL = "POPL"}
@string{POPL = "ACM SIGPLAN-SIGACT Symposium on Principles of Programming
	Languages"}
@string{XQAPL = "QAPL"}
@string{QAPL = "Workshop on Quantitative Aspects of Programming Languages"}
@string{XREX = "REX"}
@string{REX = "REX Workshop"}
@string{XSP = "SP"}
@string{SP = "International Symposium on Programming"}
@string{XSTOC = "STOC"}
@string{STOC = "Symposium on Theory of Computing"}
@string{XTACAS = "TACAS"}
@string{TACAS = "International Conference on Tools and Algorithms for the
	Construction and Analysis of Systems"}
@string{XTLS = "TLS"}
@string{TLS = "Temporal Logic in Specification"}

% Journals
@string{TOCL = "ACM Transactions on Computational Logic"}
@string{XAI = "AI"}
@string{AI = "Artificial Intelligence"}
@string{XBellSTJ = "BELL STJ"}
@string{BellSTJ = "Bell System Technical Journal"}
@string{XFI = "FI"}
@string{FI = "Fundamenta Informaticae"}
@string{XIBMJRD = "IBM JRD"}
@string{IBMJRD = "IBM Journal of Research and Development"}
@string{XIC = "IC"}
@string{IC = "Information and Computation"}
@string{XIM = "IM"}
@string{IM = "Inventiones Mathematicae"}
@string{XIPL = "IPL"}
@string{IPL = "Information Processing Letters"}
@string{XJACM = "JACM"}
@string{JACM = "Journal of the ACM"}
@string{XJAIR = "JAIR"}
@string{JAIR = "Journal of Artificial Intelligence Research"}
@string{XJCSS = "JCSS"}
@string{JCSS = "Journal of Computer and System Science"}
@string{XJLC = "JLC"}
@string{JLC = "Journal of Logic and Computation"}
@string{XJSL = "JSL"}
@string{JSL = "Journal of Symbolic Logic"}
@string{XLMCS = "LMCS"}
@string{LMCS = "Logical Methods in Computer Science"}
@string{XMAMS = "MAMS"}
@string{MAMS = "Memoirs of the American Mathematical Society"}
@string{XNDJFL = "NDJFL"}
@string{NDJFL = "Notre Dame Journal of Formal Logic"}
@string{XTAMS = "TAMS"}
@string{TAMS = "Transactions of the American Mathematical Society"}
@string{XTSE = "TSE"}
@string{TSE = "IEEE Transactions on Software Engineering"}
@string{XTCS = "TCS"}
@string{TCS = "Theoretical Computer Science"}
@string{WoLLIC = "Workshop on Logic, Language, Information and Computation"}


% Publishers
@string{AcademicPress = "Academic Press"}
@string{AddisonWesley = "Addison-Wesley"}
@string{CambridgePress = "Cambridge University Press"}
@string{IEEE = "IEEE"}
@string{MITPress = "MIT Press"}
@string{Springer = "Springer"}
@string{Wiley = "Wiley"}

% University
@string{UniNa = "Universit{\'a} degli Studi di Napoli ''Federico II'', Italy"}

%%%%%%%%%%%%%%%%%%%%%%%%%%%%%%%%%%%%%%%%%%%%%%%%%

@inproceedings{ClarkeB98,
  author    = {Edmund M. Clarke and
               Sergey Berezin},
  title     = {Model Checking: Historical Perspective and Example (Extended Abstract)},
  booktitle = {TABLEAUX},
  pages     = {18--24},
  year      = {1998}
}


@inproceedings{AminofKL11,
  author    = {B. Aminof and
               O. Kupferman and
               R. Lampert},
  title     = {Rigorous Approximated Determinization of Weighted Automata},
  booktitle = LICS,
  pages     = {345--354},
  year      = {2011},
}


@book{WAhandbook,
 author = {M. Droste and W. Kuich and H. Vogler},
 title = {Handbook of Weighted Automata},
 year = {2009},
 isbn = {3642014917, 9783642014918},
  publisher = {Springer},
}


@article{MohriPR02,
  author    = {M. Mohri and
               F. Pereira and
               M. Riley},
  title     = {Weighted finite-state transducers in speech recognition},
  journal   = {Computer Speech {\&} Language},
  volume    = {16},
  number    = {1},
  pages     = {69--88},
  year      = {2002},
}



@book{CGP01,
  author    = {E.M. Clarke and
               O. Grumberg and
               D. Peled},
  title     = {Model checking},
  publisher = {{MIT} Press},
  year      = {2001},
  isbn      = {978-0-262-03270-4},
  timestamp = {Wed, 31 Oct 2012 17:41:18 +0100},
}



@inproceedings{AlurDMW09,
  author    = {R. Alur and
               A. Degorre and
               O. Maler and
               G. Weiss},
  title     = {On Omega-Languages Defined by Mean-Payoff Conditions},
  booktitle = {FOSSACS},
  pages     = {333--347},
  year      = {2009},
}

@article{CLT10,
  author    = {K. Chatterjee and
               L. Doyen and
               T.A. Henzinger},
  title     = {Quantitative languages},
  journal   = {{ACM} Trans. Comput. Log.},
  volume    = {11},
  number    = {4},
  year      = {2010},
}



@inproceedings{AlmagorBK14,
  author    = {S. Almagor and
               U. Boker and
               O. Kupferman},
  title     = {Discounting in {LTL}},
  booktitle = {TACAS},
  pages     = {424--439},
  year      = {2014},
}


@article{BokerCHK14,
  author    = {U. Boker and
               K. Chatterjee and
               T.A. Henzinger and
               O. Kupferman},
  title     = {Temporal Specifications with Accumulative Values},
  journal   = {{ACM} Trans. Comput. Log.},
  volume    = {15},
  number    = {4},
  pages     = {27},
  year      = {2014},
}



@inproceedings{ABK11,
  author    = {S. Almagor and
               U. Boker and
               O. Kupferman},
  title     = {What's Decidable about Weighted Automata?},
  booktitle = {ATVA},
  pages     = {482--491},
  year      = {2011},
 }

@article{Henz13,
 author = {T.A. Henzinger},
 title = {Quantitative Reactive Modeling and Verification},
 journal = {Comput. Sci.},
 issue_date = {November  2013},
 volume = {28},
 number = {4},
 month = nov,
 year = {2013},
 issn = {1865-2034},
 pages = {331--344},
 numpages = {14},
 publisher = {Springer},
}


@inproceedings{JaninW95,
  author    = {David Janin and
               Igor Walukiewicz},
  title     = {Automata for the Modal mu-Calculus and related Results},
  booktitle = {MFCS},
  pages     = {552--562},
  year      = {1995},
  url       = {http://dx.doi.org/10.1007/3-540-60246-1_160},
  doi       = {10.1007/3-540-60246-1_160},
  timestamp = {Mon, 21 Sep 2009 14:32:28 +0200},
}

@inproceedings{EmSi84,
author = {E.A. Emerson and A.P. Sistla},
title = {Deciding branching time logic},
booktitle = STOC,
year = {1984},
pages = {14--24},
}

@misc{GCTLSTAR,
year = {2015},
howpublished = {personal communication},
author   = {A. Bianco and
               F. Mogavero and
               A. Murano},
}

@inproceedings{GJL12,
  author    = {V. Guti{\'{e}}rrez{-}Basulto and
               J.C. Jung and
               C. Lutz},
  title     = {Complexity of Branching Temporal Description Logics},
  booktitle =  {European Conference on Artificial Intelligence},
  year      = {2012},
  pages     = {390--395}
}

@inproceedings{CGL99,
 author = {Calvanese, D. and De Giacomo, G. and Lenzerini, M.},
 title = {Reasoning in Expressive Description Logics with Fixpoints Based on Automata on Infinite Trees},
 booktitle = IJCAI,
 year = {1999},
 pages = {84--89},
 numpages = {6},
}


@article{GS85,
  author    = {Yuri Gurevich and
               Saharon Shelah},
  title     = {The Decision Problem for Branching Time Logic},
  journal   = {J. Symb. Log.},
  year      = {1985},
  volume    = {50},
  number    = {3},
  pages     = {668--681}
}


@article{MoRa03,
 author = {F. Moller and A. Rabinovich},
 title = {Counting on {CTL}*: On the Expressive Power of Monadic Path Logic},
 journal = IC,
 issue_date = {July 10, 2003},
 volume = {184},
 number = {1},
 pages = {147--159},
 year = {2003}
}

@inproceedings{Vardi95,
  author    = {M. Y. Vardi},
  title     = {An Automata-Theoretic Approach to Linear Temporal Logic},
  booktitle = {Banff Higher Order Workshop},
  year      = {1995},
  pages     = {238-266},
  ee        = {http://dx.doi.org/10.1007/3-540-60915-6_6},
  bibsource = {DBLP, http://dblp.uni-trier.de}
}

@inproceedings{FHLMC03,
  author    = {C. Eisner and
               D.Fisman and
               J. Havlicek and
               Y. Lustig and
               A. McIsaac and
               D. V. Campenhout},
  title     = {Reasoning with Temporal Logic on Truncated Paths},
  booktitle = CAV,
  pages     = {27-39},
  series    = {LNCS 2725},
  year      = {2003}
}


%%%%%%%%%%%%
%%%%%%%%%%%%

@article{VW94,
  author    = {M. Y. Vardi and
               P. Wolper},
  title     = {Reasoning About Infinite Computations},
  journal   = IC,
  volume    = {115},
  number    = {1},
  year      = {1994},
  pages     = {1-37}
}

@article{Wal02,
  author    = {I. Walukiewicz},
  title     = {Monadic second-order logic on tree-like structures},
  journal   = {Theor. Comput. Sci.},
  year      = {2002},
  volume    = {275},
  number    = {1-2},
  pages     = {311--346}
}


@article{FMP08,
  author    = {A. Ferrante and
               A. Murano and
               M. Parente},
  title     = {Enriched $\mu$-Calculi Module Checking},
  journal   = LMCS,
  volume    = {4},
  number    = {3},
  year      = {2008}
}


@inproceedings{KP09,
  author    = {Yevgeny Kazakov and
               Ian Pratt-Hartmann},
  title     = {A Note on the Complexity of the Satisfiability Problem for Graded Modal
			  Logics},
  booktitle = LICS,
  pages     = {407-416},
  year      = {2009}
}

@article{KSS11,
  author    = {M.\! Kaminski and
               S.\! Schneider and
               G.\! Smolka},
  title     = {Terminating Tableaux for Graded Hybrid Logic with Global
               Modalities and Role Hierarchies.},
  journal   = {LMCS},
  volume    = {\!7},
  number    = {1},
  year      = {2011}
}

@inproceedings{AHD10,
  author    = {C. Areces and
               G. Hoffmann and
               A. Denis},
  title     = {Modal Logics with Counting},
  booktitle = WoLLIC,
  pages     = {98-109},
  series    = {LNCS 6188},
  year      = {2010}
}

@inproceedings{MMMS15,
author = {V. Malvone and  F. Mogavero and A. Murano and L. Sorrentino},
title = {On the Counting of Strategies},
booktitle = TIME,
year = 2015,
note = "(to appear)"
}

@article{BMM12,
  author    = {A. Bianco and
               F. Mogavero and
               A. Murano},
  title     = {Graded computation tree logic},
  journal   = TOCL,
  volume    = {13},
  number    = {3},
  year      = {2012},
  pages     = {25}
}

@article{Zilonka98,
  author    = {Wieslaw Zielonka},
  title     = {Infinite Games on Finitely Coloured Graphs with Applications
               to Automata on Infinite Trees},
  journal   = {Theor. Comput. Sci.},
  volume    = {200},
  number    = {1-2},
  year      = {1998},
  pages     = {135-183}
}

@article{EJ91,
  author    = {E.A. Emerson and
               C.S. Jutla},
  title     = {The Complexity of Tree Automata and Logics of Programs},
  journal   = {SIAM Journal of Computing},
  volume    = {29},
  number    = {1},
  year      = {1999},
  pages     = {132-158}
}

@inproceedings{Var01,
  author    = {Moshe Y. Vardi},
  title     = {Branching vs. Linear Time: Final Showdown},
  booktitle = {TACAS},
  year      = {2001},
  pages     = {1-22},
  publisher = {Springer},
  series    = {LNCS},
  volume    = {2031}
}


@article{FL10,
  author    = {Oliver Friedmann and
               Martin Lange},
  title     = {A Solver for Modal Fixpoint Logics},
  journal   = {Electr. Notes Theor. Comput. Sci.},
  volume    = {262},
  year      = {2010},
  pages     = {99-111}
}


@inproceedings{FLL10,
  author    = {Oliver Friedmann and
               Markus Latte and
               Martin Lange},
  title     = {A Decision Procedure for CTL$^{\mbox{*}}$ Based on Tableaux
               and Automata},
  booktitle = {IJCAR},
  pages     = {331-345},
  publisher = {Springer},
  series    = {LNCS},
  volume    = {6173},
  year      = {2010}
}


@inproceedings{GK02,
  author    = {Georg Gottlob and
               Christoph Koch},
  title     = {Monadic Queries over Tree-Structured Data},
  booktitle = LICS,
  pages     = {189-202},
  year      = {2002}
}

@article{Gro02,
  author    = {Martin Grohe},
  title     = {Parameterized Complexity for the Database Theorist},
  journal   = {SIGMOD Record},
  volume    = {31},
  number    = {4},
  year      = {2002},
  pages     = {86-96}
}

% Springer-Verlag
@book
	{
	Apo76,
	author			=	"T.M. Apostol",
	title				=	"{Introduction to Analytic Number Theory.}",
	publisher		=	Springer,
	year				=	"1976"
	}

% ICDT
@inproceedings
	{
	ABL07,
	author			=	"M. Arenas and P. Barcel{\'o} and L. Libkin",
	title				=	"{Combining Temporal Logics for Querying XML Documents.}",
	booktitle		=	XICDT,
	series			=	"LNCS 4353",
	pages				=	"359-373",
	year				=	"2007"
	}

% JACM
@article
	{
	AHK02,
	author			=	"R. Alur and T.A. Henzinger and O. Kupferman",
	title				=	"{Alternating-Time Temporal Logic.}",
	journal			=	JACM,
	volume			=	"49",
	number			=	"5",
	pages				=	"672-713",
	year				=	"2002"
	}

% ?
@article{AKM12,
  author    = {B. Aminof and
               O. Kupferman and
               A. Murano},
  title     = {Improved model checking of hierarchical systems},
  journal   = IC,
  year      = {2012},
  volume    = {210},
  pages     = {68--86}
}

@unpublished
	{
	AMM10,
	author			=	"B. Aminof and F. Mogavero and A. Murano",
	title				=	"{Synthesis of Hierarchical Systems.}",
	note				=	"Submitted to conference.",
	year				=	"2010"
	}

% MAMS
@article
	{
	Ber66,
	author			=	"R. Berger",
	title				=	"{The Undecidability of the Domino Problem.}",
	journal			=	MAMS,
	volume			=	"66",
	pages				=	"1-72",
	year				= "1966"
	}

% Cambridge University Press
@book
	{
	BCMNP03,
	title				=	"{The Description Logic Handbook: Theory, Implementation, and
								Applications.}",
	publisher		= CambridgePress,
	year				= "2003"
	}

% MFCS
@inproceedings
	{
	BFMM09,
	author			=	"A. Bianco and M. Faella and F. Mogavero and A. Murano",
	title				=	"{Balanced Paths in Colored Graphs.}",
	booktitle		=	MFCS,
	series			=	"LNCS 5734",
	publisher		=	Springer,
	pages				=	"149-161",
	year				=	"2009"
	}

% QAPL
@inproceedings
	{
	BFMM10a,
	author			=	"A. Bianco and M. Faella and F. Mogavero and A. Murano",
	title				=	"{Quantitative Fairness Games.}",
	booktitle		=	QAPL,
	series			=	"EPTCS 28",
	pages				=	"48-63",
	year				=	"2010"
	}

% CLIMA
@inproceedings
	{
	BFMM10b,
	author			=	"A. Bianco and M. Faella and F. Mogavero and A. Murano",
	title				=	"{Exploring the Boundary of Half Positionality.}",
	booktitle		=	CLIMA,
	series			=	"LNAI 6245",
	publisher		=	Springer,
	pages				=	"171-185",
	year				=	"2010"
	}

% LICS
@inproceedings
	{
	BL05,
	author			=	"P. Barcel{\'o} and L. Libkin",
	title				=	"{Temporal Logics over Unranked Trees.}",
	booktitle		=	LICS,
	publisher		=	IEEE,
	pages				=	"31-40",
	year				=	"2005"
	}

% LFCS
@inproceedings
	{
	BLLM09,
	author			=	"T. Brihaye and A.D.C. Lopes and F. Laroussinie and N. Markey",
	title				=	"{ATL with Strategy Contexts and Bounded Memory.}",
	booktitle		=	LFCS,
	series			=	"LNCS 5407",
	publisher		=	Springer,
	pages				=	"92-106",
	year				=	"2009"
	}

% LMCS
@article
	{
	BLMV08,
	author			=	"P.A. Bonatti and C. Lutz and A. Murano and M.Y. Vardi",
	title				=	"{The Complexity of Enriched Mu-Calculi.}",
	journal			=	LMCS,
	volume			=	"4",
	number			=	"3",
	pages				=	"1-27",
	year				=	"2008"
	}

% POLICY
@inproceedings
	{
	BM08,
	author			=	"P.A. Bonatti and F. Mogavero",
	title				=	"{Comparing Rule-Based Policies.}",
	booktitle		=	Policy,
	publisher		=	IEEE,
	pages				=	"11-18",
	year				=	"2008"
	}

% LICS
@inproceedings
	{
	BMM09,
	author			=	"A. Bianco and F. Mogavero and A. Murano",
	title				=	"Graded Computation Tree Logic",
	booktitle		=	LICS,
	publisher		=	IEEE,
	pages				=	"342-351",
	year				=	"2009"
	}

% CSL
@inproceedings
	{
	BMM10,
	author			=	"A. Bianco and F. Mogavero and A. Murano",
	title				=	"Graded Computation Tree Logic with Binary Coding",
	booktitle		=	"CSL",
	series			=	"LNCS 6247",
	publisher		=	Springer,
	pages				=	"125-139",
	year				=	"2010"
	}

% REX Workshop
@inproceedings
	{
	CD88,
	author			=	"E.M. Clarke and I.A. Draghicescu",
	title				=	"{Expressibility Results for Linear-Time and Branching-Time
								Logics.}",
	booktitle		=	REX,
	series			=	"LNCS 354",
	publisher		=	Springer,
	pages				=	"428-437",
	year				=	"1988"
	}

% LP
@inproceedings
	{
	CE81,
	author			=	"E.M. \!Clarke and E.A. \!Emerson",
	title				=	"{\!Design and Synthesis of Synchronization Skeletons Using
								Branching-Time Temporal Logic.\!}",
	booktitle		=	LP,
	series			=	"LNCS 131",
	pages				=	"52-71",
	year				=	"\!1981"
	}

% MIT Press
@book
	{
	CGP02,
	author			=	"E.M. Clarke and O. Grumberg and D.A. Peled",
	title				=	"{Model Checking.}",
	publisher		=	MITPress,
	year				=	"2002"
	}

% CONCUR
@inproceedings
	{
	CHP07,
	author			=	"K. Chatterjee and T.A. Henzinger and N. Piterman",
	title				=	"{Strategy Logic.}",
	booktitle		=	CONCUR,
	series			= "LNCS 4703",
	publisher		= Springer,
	pages				=	"59-73",
	year				=	"2007"
	}

% AI
@article
	{
	CPRT03,
	author			=	"A. Cimatti and M. Pistore and M. Roveri and P. Traverso",
	title				=	"{Weak, Strong, and Strong Cyclic Planning via Symbolic Model
								Checking.}",
	journal			=	AI,
	volume			=	"147",
	number			=	"1-2",
	pages				=	"35-84",
	year				=	"2003"
	}

% AIPS
@inproceedings
	{
	CRT98,
	author			=	"A. Cimatti and M. Roveri and P. Traverso",
	title				=	"{Strong Planning in Non-Deterministic Domains via Model
								Checking.}",
	booktitle		=	AIPS,
	pages				=	"36-43",
	year				=	"1998"
	}

% ECP
@inproceedings
	{
	DTV00,
	author			=	"M. Daniele and P. Traverso and M.Y. Vardi.",
	title				=	"{Strong Cyclic Planning Revisited.}",
	booktitle		=	ECP,
	pages				=	"35-48",
	year				=	"2000"
	}

% MIT Press
@incollection
	{
	Eme90,
	author			=	"E.A. Emerson",
	title				=	"{Temporal and Modal Logic.}",
	booktitle		=	"Handbook of Theoretical Computer Science (vol. B)",
	publisher		=	MITPress,
	pages				=	"995-1072",
	year				=	"1990"
	}

% Springer-Verlag
@book
	{
	EF95,
	author			=	"H.D. Ebbinghaus and J. Flum",
	title				=	"{Finite Model Theory.}",
	publisher		=	Springer,
	year				=	"1995"
	}

% CAV
@inproceedings
	{
	EFHLMC03,
	author			=	"C. Eisner and D. Fisman and J. Havlicek and Y. Lustig and A.
								McIsaac and D. Van Campenhout",
	title				=	"{Reasoning with Temporal Logic on Truncated Paths.}",
	booktitle		=	CAV,
	series			= "LNCS 2725",
	publisher		=	Springer,
	pages				=	"27-39",
	year				=	"2003"
	}

% JCSS
@article
	{
	EH85,
	author			=	"E.A. Emerson and J.Y. Halpern",
	title       =	"{Decision Procedures and Expressiveness in the Temporal Logic
								of Branching Time.}",
	journal			=	JCSS,
	volume			=	"30",
	number			=	"1",
	pages				=	"1-24",
	year				=	"1985"
	}

% JACM
@article
	{
	EH86,
	author			=	"E.A. Emerson and J.Y. Halpern",
	title				=	"{``Sometimes'' and ``Not Never'' Revisited: On Branching Versus
								Linear Time.}",
	journal			=	JACM,
	volume			=	"33",
	number			=	"1",
	pages				=	"151-178",
	year				=	"1986"
	}

% NDJFL
@article
	{
	Fin72,
	author			=	"K. Fine",
	title				=	"{In So Many Possible Worlds.}",
	journal			=	NDJFL,
	volume			=	"13",
	pages				=	"516-520",
	year				=	"1972"
	}

% MIT Press
@book
	{
	FHMV95,
	author			=	"R. Fagin and J.Y. Halpern and Y. Moses and M.Y. Vardi",
	title				=	"{Reasoning about Knowledge.}",
	publisher		=	MITPress,
	year				=	"1995"
	}

% TACAS
@inproceedings
	{
	FKL10,
	author			=	"D. Fisman and O. Kupferman and Y. Lustig",
	title				=	"{Rational Synthesis.}",
	booktitle		=	TACAS,
	series			=	"LNCS 6015",
	publisher		=	Springer,
	pages				=	"190--204",
	year				=	"2010"
	}

% JCSS
@article
	{
	FL79,
	author			=	"M.J. Fischer and R.E. Ladner",
	title				=	"{Propositional Dynamic Logic of Regular Programs.}",
	journal			=	JCSS,
	volume			=	"18",
	number			=	"2",
	pages				=	"194-211",
	year				=	"1979"
	}

% ATVA
@inproceedings
	{
	FNP08,
	author			=	"A. Ferrante and M. Napoli and M. Parente",
	title				=	"{CTL Model-Checking with Graded Quantifiers.}",
	booktitle		=	ATVA,
	series			=	"LNCS 5311",
	publisher		=	Springer,
	pages				=	"18-32",
	year				=	"2008"
	}


@article
	{
	FNP09j,
	author			=	"A. Ferrante and M. Napoli and M. Parente",
	title				=	"{Model Checking for Graded CTL.}",
	journal			=	FI,
	volume			=	"96",
	number			=	"3",
	pages				=	"323-339",
	year				=	"2009"
	}

% ICFEM
@inproceedings
	{
	FNP10,
	author			=	"A. Ferrante and M. Napoli and M. Parente",
	title				=	"{Graded-CTL: Satisfiability and Symbolic Model Checking.}",
	booktitle		=	ICFEM,
	series			=	"LNCS 5885",
	publisher		=	Springer,
	pages				=	"306-325",
	year				=	"2009"
	}

% CSL
@inproceedings
	{
	FS10,
	author			=	"B. Finkbeiner and S. Schewe",
	title				=	"{Coordination Logic.}",
	booktitle		=	CSL,
	series			=	"LNCS 6247",
	publisher		=	Springer,
	pages				=	"305-319",
	year				=	"2010"
	}

% AIML
@inproceedings
	{
	FvD08,
	author			=	"T. French and H.P. van Ditmarsch",
	title				=	"{Undecidability for Arbitrary Public Announcement Logic.}",
	booktitle		=	AIML,
	pages				=	"23-42",
	year				=	"2008"
	}

% TLS
@inproceedings
	{
	Gab87,
	author			=	"D.M. Gabbay",
	title				=	"{The Declarative Past and Imperative Future: Executable
								Temporal Logic for Interactive Systems.}",
	booktitle		=	TLS,
	series			=	"LNCS 398",
	publisher		= Springer,
	pages				=	"409-448",
	year				=	"1987"
	}

% JSL
@article
	{
	Gra99,
	author			=	"Erich Gr{\"a}del",
	title				=	"{On The Restraining Power of Guards.}",
	journal			=	JSL,
	volume			=	"64",
	number			=	"4",
	pages				=	"1719-1742",
	year				=	"1999"
	}

% Springer-Verlag
@book
	{
	GTW02,
	author			=	"E. Gr{\"a}del and W.
 and T. Wilke",
	title				=	"{Automata, Logics, and Infinite Games: A Guide to Current
								Research.}",
	series			=	"LNCS 2500",
	publisher		=	Springer,
	year				=	"2002"
	}

% LCC
@inproceedings
	{
	Har84,
	author			=	"D. Harel",
	title				=	"{A Simple Highly Undecidable Domino Problem.}",
	booktitle		=	LCC,
	year				=	"1984"
	}

% ICALP
@inproceedings
	{
	HT87,
	author			=	"T.\! Hafer and W.\! Thomas",
	title				=	"{\!Computation Tree Logic CTL* and Path Quantifiers in the Monadic
						Theory of the Binary Tree.\!}",
	booktitle		=	"ICALP",
	series			=	"LNCS 267",
	publisher		=	"\!Springer",
	pages				=	"269-279",
	year				=	"1987"
	}

% ICAISC
@inproceedings
	{
	Jam04,
	author			=	"W. Jamroga",
	title				=	"{Strategic Planning Through Model Checking of ATL Formulae.}",
	booktitle		=	ICAISC # "04",
	series			=	"LNCS 3070",
	publisher		= Springer,
	pages				= "879-884",
	year				=	"2004"
	}

% FI
@article
	{
	JH04,
	author			=	"W. Jamroga and W. van der Hoek",
	title				=	"{Agents that Know How to Play.}",
	journal			=	FI,
	volume			=	"63",
	number			=	"2-3",
	pages				=	"185-219",
	year				=	"2004"
	}

% MFCS
@inproceedings
	{
	JW95,
	author			=	"D. Janin and I. Walukiewicz",
	title				=	"{Automata for the Modal $\mu$-Calculus and Related Results.}",
	booktitle		=	MFCS # "95",
	series			=	"LNCS 969",
	publisher		=	Springer,
	pages				=	"552-562",
	year				=	"1995"
	}

% Addison-Wesley
@book
	{
	Knu68,
	author			=	"D.E. Knuth",
	title				=	"{The Art of Computer Programming, Volume I: Fundamental
								Algorithms.}",
	publisher		=	AddisonWesley,
	year				=	"1968"
	}

% TCS
@article
	{
	Koz83,
	author			=	"D. Kozen",
	title				=	"{Results on the Propositional mu-Calculus.}",
	journal			=	TCS,
	volume			=	"27",
	number			= "3",
	pages				=	"333-354",
	year				=	"1983"
	}

% LICS
@inproceedings
	{
	KP95,
	author			=	"O. Kupferman and A. Pnueli",
	title				=	"{Once and For All.}",
	booktitle		=	LICS # "95",
	publisher		=	IEEE,
	pages				=	"25-35",
	year				=	"1995"
	}

% CADE
@inproceedings
	{
	KSV02,
	author			=	"O. Kupferman and U. Sattler and M.Y. Vardi",
	title				=	"{The Complexity of the Graded $\mu$-Calculus.}",
	booktitle		=	CADE,
	series			=	"LNCS 2392",
	pages				= "423-437",
	publisher		=	Springer,
	year				=	"2002"
	}

% STOC
@inproceedings
	{
	KV98,
	author			=	"O. Kupferman and M.Y. Vardi",
	title				=	"{Weak Alternating Automata and Tree Automata Emptiness.}",
	booktitle		=	STOC # "98",
	pages				=	"224-233",
	year				=	"1998"
	}

@article{VS85,
  author    = {M. Y. Vardi and L. Stockmeyer},
  title	= {Lower bound in full ({2EXPTIME}-hardness for {CTL}-{SAT})},
  note = {\url{www.cs.rice.edu/~vardi/papers/ctl_star_lower_bound.pdf}},
  journal = {},
  year = 1985}
  }

% LICS
@inproceedings
	{
	KV06,
	author			=	"O. Kupferman and M.Y. Vardi",
	title				=	"{Memoryful Branching-Time Logic.}",
	booktitle		=	LICS # "06",
	publisher		=	IEEE,
	pages				=	"265-274",
	year				=	"2006"
	}

% IC
@article
	{
	KVW01,
	author			= "O. Kupferman and M.Y. Vardi and P. Wolper",
	title				= "{Module Checking.}",
	journal			= IC,
	volume			= "164",
	number			= "2",
	pages				= "322-344",
	year				=	"2001"
	}

% JACM
@article
	{
	KVW00,
	author			=	"O. Kupferman and M.Y. Vardi and P. Wolper",
	title				=	"{An Automata Theoretic Approach to Branching-Time Model
								Checking.}",
	journal			= JACM,
	volume			=	"47",
	number			=	"2",
	pages				=	"312-360",
	year				=	"2000"
	}

% POPL
@inproceedings
	{
	Lam80,
	author			=	"L. Lamport",
	title				=	"{``Sometime`` is Sometimes ``Not Never``: On the Temporal
								Logic of Programs.}",
	booktitle		=	POPL # "80",
	pages				=	"174-185",
	year				=	"1980"
	}

% IPL
@article
	{
	Lan08,
	author			=	"M. Lange",
	title				=	"{A Purely Model-Theoretic Proof of the Exponential Succinctness
								Gap between CTL+ and CTL.}",
	journal			=	IPL,
	volume			=	"108",
	number			=	"5",
	pages				=	"308-312",
	year				=	"2008"
	}

% AAMAS
@inproceedings
	{
	Lut06,
	author			=	"C. Lutz",
	title				=	"{Complexity and Succinctness of Public Announcement Logic.}",
	booktitle		=	AAMAS # "06",
	pages				=	"137-143",
	year				=	"2006"
	}

% FOSSACS
@inproceedings
	{
	LMS01,
	author			=	"F. Laroussinie and N. Markey and P. Schnoebelen",
	title				=	"{Model Checking CTL+ and FCTL is Hard.}",
	booktitle		=	FOSSACS # "01",
	series			=	"LNCS 2030",
	publisher		=	Springer,
	pages				=	"318-331",
	year				=	"2001"
	}

% LICS
@inproceedings
	{
	LMS02,
	author			=	"F. Laroussinie and N. Markey and P. Schnoebelen",
	title				=	"{Temporal Logic with Forgettable Past.}",
	booktitle		=	LICS # "02",
	publisher		=	IEEE,
	pages				=	"383-392",
	year				=	"2002"
	}

% LP
@inproceedings
	{
	LPZ85,
	author			=	"O. Lichtenstein and A. Pnueli and L.D. Zuck",
	title				=	"{The Glory of the Past.}",
	booktitle		=	LP # "85",
	pages				= "196-218",
	year				= "1985"
	}

% FSTTCS
@inproceedings
	{
	LR03,
	author			=	"C. L{\"o}ding and P. Rohde",
	title				=	"{Model Checking and Satisfiability for Sabotage Modal Logic.}",
	booktitle		=	FSTTCS # "03",
	series			=	"LNCS 2914",
	publisher		=	Springer,
	pages				=	"302-313",
	year				=	"2003"
	}

% LPAR
@inproceedings
	{
	LS08,
	author			=	"L. Libkin and C. Sirangelo",
	title				=	"{Reasoning About XML with Temporal Logics and Automata.}",
	booktitle		=	"LPAR",
	series			=	"LNCS 5330",
	publisher		=	Springer,
	pages				=	"97-112",
	year				=	"2008"
	}

% TSE
@article
	{
	McC76,
	author			=	"T.J. McCabe",
	title				=	"{A Complexity Measure.}",
	journal			=	TSE,
	volume			=	"2",
	pages				=	"308-320",
	year				=	"1976"
	}

% Universita' degli Studi di Napoli ''Federico II''
@mastersthesis
	{
	Mog07,
	author			=	"F. Mogavero",
	title				=	"{Branching-Time Temporal Logics (Theoretical Issues and a
								Computer Science Application).}",
	school			=	UniNa,
	month				=	"October",
	year				=	"2007"
	}

% TCS
@article
	{
	MH84,
	author			=	"S. Miyano and T. Hayashi",
	title				=	"{Alternating Finite Automata on $\omega$-Words.}",
	journal			=	TCS,
	volume			=	"32",
	number			= "3",
	pages				=	"321-330",
	year				=	"1984"
	}

% DLT
@inproceedings
	{
	MM09,
	author			=	"F. Mogavero and A. Murano",
	title				=	"{Branching-Time Temporal Logics with Minimal Model
								Quantifiers.}",
	booktitle		=	DLT # "09",
	series			=	"LNCS 5583",
	publisher		=	Springer,
	pages				= "396-409",
	year				= "2009"
	}

% LPAR
@inproceedings
	{
	MMV10a,
	author			=	"F. Mogavero and A. Murano and M.Y. Vardi",
	title				=	"{Relentful Strategic Reasoning in Alternating-Time Temporal
								Logic.}",
	booktitle		=	LPAR # "10",
	series			= "LNAI 6355",
	publisher		=	Springer,
	pages				=	"371-387",
	year				=	"2010"
	}

% FSTTCS
@inproceedings
	{
	MMV10b,
	author			=	"F. Mogavero and A. Murano and M.Y. Vardi",
	title				=	"{Reasoning About Strategies.}",
	booktitle		=	FSTTCS # "10",
	series			= "LIPIcs 8",
	pages				=	"133-144",
	year				=	"2010"
	}

% IC
@article
	{
	MR03,
	author			=	"F. Moller and A.M. Rabinovich",
	title				=	"{Counting on {CTL}*: On the Expressive Power of Monadic Path
								Logic.}",
	journal			=	IC,
	volume			=	"184",
	number			=	"1",
	pages				=	"147-159",
	year				=	"2003"
	}

% TCS
@article
	{
	MS87,
	author			=	"D.E. Muller and P.E. Schupp",
	title				=	"{Alternating Automata on Infinite Trees.}",
	journal			=	XTCS,
	volume			=	"54",
	number			=	"2-3",
	pages				=	"267-276",
	year				=	"1987"
	}

% TCS
@article
	{
	MS95,
	author			=	"D.E. Muller and P.E. Schupp",
	title				=	"{Simulating Alternating Tree Automata by Nondeterministic
								Automata: New Results and New Proofs of Theorems of Rabin,
								McNaughton and Safra.}",
	journal			=	XTCS,
	volume			=	"141",
	number			= "1-2",
	pages				=	"69-107",
	year				=	"1995"
	}

% CAV
@inproceedings
	{
	NPP08,
	author			=	"P. Niebert and D. Peled and A. Pnueli",
	title				=	"{Discriminative Model Checking.}",
	booktitle		=	CAV # "08",
	series			=	"LNCS 5123",
	publisher		=	Springer,
	pages				=	"504-516",
	year				=	"2008"
	}

% MIT Press
@book
	{
	OR94,
	author			=	"M.J. Osborne and A. Rubinstein",
	title				=	"{A Course in Game Theory.}",
	publisher		=	MITPress,
	year				=	"1994"
	}

% JLC
@article
	{
	Pau02,
	author			=	"M. Pauly",
	title				=	"{A Modal Logic for Coalitional Power in Games.}",
	journal			=	JLC,
	volume			=	"12",
	number			=	"1",
	pages				=	"149-166",
	year				=	"2002"
	}

% ATVA
@inproceedings
	{
	Pin07,
	author			=	"S. Pinchinat",
	title				=	"{A Generic Constructive Solution for Concurrent Games with
								Expressive Constraints on Strategies.}",
	booktitle		=	ATVA # "07",
	series			= "LNCS 4762",
	publisher		=	Springer,
	pages				=	"253-267",
	year				= "2007"
	}

% FOCS
@inproceedings
	{
	Pnu77,
	author			=	"A. Pnueli",
	title				=	"{The Temporal Logic of Programs.}",
	booktitle		=	"FOCS'77",
	pages				=	"46-57",
	year				=	"1977"
	}

% TCS
@article
	{
	Pnu81,
	author			=	"A. Pnueli",
	title				=	"{The Temporal Semantics of Concurrent Programs.}",
	journal			=	XTCS,
	volume			=	"13",
	pages				=	"45-60",
	year				=	"1981"
	}

% JAIR
@article
	{
	PV07,
	author			=	"M. Pistore and M.Y. Vardi",
	title				=	"{The Planning Spectrum - One, Two, Three, Infinity.}",
	journal			=	XJAIR,
	volume			=	"30",
	pages				=	"101-132",
	year				=	"2007"
	}

% SP
@inproceedings
	{
	QS81,
	author			=	"J.P. Queille and J. Sifakis",
	title				=	"{Specification and Verification of Concurrent Programs in
								Cesar.}",
	booktitle		=	SP # "81",
	Series			=	"LNCS 137",
	publisher		=	Springer,
	pages				=	"337-351",
	year				=	"1981"
	}

% TAMS
@article
	{
	Rab69,
	author			=	"M.O. Rabin",
	title				=	"{Decidability of Second-Order Theories and Automata on Infinite
								Trees.}",
	journal			=	TAMS,
	volume			=	"141",
	pages				=	"1-35",
	year				=	"1969"
	}

% IM
@article
	{
	Rob71,
	author			=	"R.M. Robinson",
	title				=	"{Undecidability and Nonperiodicity for Tilings of the Plane.}",
	journal			=	IM,
	volume			=	"12",
	pages				=	"177-209",
	year				=	"1971"
	}

% IBM JDR
@article
	{
	RS59,
	author			=	"M.O. Rabin and D.S. Scott",
	title				=	"{Finite Automata and their Decision Problems.}",
	journal			=	IBMJRD,
	volume			=	"3",
	pages				=	"115-125",
	year				=	"1959"
	}

% ICALP
@inproceedings
	{
	Sch08,
	author			=	"S. Schewe",
	title				=	"{ATL* Satisfiability is 2ExpTime-Complete.}",
	booktitle		=	ICALP # "08",
	series			=	"LNCS 5126",
	publisher		= Springer,
	pages				=	"373-385",
	year				=	"2008"
	}

% CSL
@inproceedings
	{
	SF06,
	author			=	"S. Schewe and B. Finkbeiner",
	title				=	"{Satisfiability and Finite Model Property for the
								Alternating-Time $\mu$-Calculus.}",
	booktitle		= CSL # "06",
	series			=	"LNCS 4207",
	publisher		=	Springer,
	pages				=	"591-605",
	year				=	"2006"
	}

% AcademicPress
@book
	{
	SP95,
	author			=	"N.J.A. Sloane and S. Plouffe",
	title				=	"{The Encyclopedia of Integer Sequences.}",
	publisher		=	AcademicPress,
	year				=	"1995"
	}

% AI
@article
	{
	SSS91,
	author			=	"M. Schmidt-Schau{\ss} and G. Smolka",
	title				=	"{Attributive Concept Descriptions with Complements.}",
	journal			=	AI,
	volume			=	"48",
	number			=	"1",
	pages				=	"1-26",
	year				=	"1991"
	}

% JLC
@article
	{
	Tob01,
	author			=	"S. Tobies",
	title				=	"{{PSPACE} Reasoning for Graded Modal Logics.}",
	journal			=	JLC,
	volume			=	"11",
	number			=	"1",
	pages				=	"85-106",
	year				=	"2001"
	}

% MIT Press
@incollection
	{
	Tho90,
	author			=	"W. Thomas",
	title				=	"{Automata on Infinite Objects.}",
	booktitle		=	"Handbook of Theoretical Computer Science (vol. B)",
	publisher		=	MITPress,
	pages				=	"133-191",
	year				=	"1990"
	}

% POPL
@inproceedings
	{
	Var88,
	author			=	"M.Y. Vardi",
	title				=	"{A Temporal Fixpoint Calculus.}",
	booktitle		=	POPL # "88",
	pages				=	"250-259",
	year				=	"1988"
	}

% JCSS
@article
	{
	VW86a,
	author			=	"M.Y. Vardi and P. Wolper",
	title				=	"{Automata-Theoretic Techniques for Modal Logics of Programs.}",
	journal			=	JCSS,
	volume			=	"32",
	number			=	"2",
	pages				=	"183-221",
	year				=	"1986"
	}

% LICS
@inproceedings
	{
	VW86b,
	author			=	"M.Y. Vardi and P. Wolper",
  title				=	"{An Automata-Theoretic Approach to Automatic Program
								Verification.}",
	booktitle		=	LICS # "86",
	publisher		=	IEEE,
	pages				=	"332-344",
	year				=	"1986"
	}

% AAMAS
@inproceedings
	{
	vdHW02,
	author			=	"W. van der Hoek and M. Wooldridge",
	title				=	"{Tractable Multiagent Planning for Epistemic Goals.}",
	booktitle		=	AAMAS # "02",
	pages				=	"1167-1174",
	year				=	"2002"
	}

% Bell STJ
@article
	{
	Wan61,
	author			=	"H. Wang",
	title				=	"{Proving Theorems by Pattern Recognition II.}",
	journal			=	BellSTJ,
	volume			=	"40",
	pages				=	"1-41",
	year				=	"1961"
	}

% FSTTCS
@inproceedings
	{
	Wil99,
	author			=	"T. Wilke",
	title				=	"{CTL+ is Exponentially More Succinct than CTL.}",
	booktitle		= FSTTCS # "99",
	serie				=	"LNCS 1738",
	publisher		=	Springer,
	pages				=	"110-121",
	year				=	"1999"
	}

% John Wiley & Sons
@book
	{
	Wol01,
	author			=	"M.J. Woolridge",
	title				=	"{Introduction to Multiagent Systems.}",
	publisher		=	Wiley,
	year				=	"2001"
	}

@article{HR95,
  author    = {W. van der Hoek and
               M. de Rijke},
  title     = {Counting Objects},
  journal   = JLC,
  volume    = {5},
  number    = {3},
  pages     = {325--345},
  year      = {1995}
}


@inproceedings{HM92,
  author    = {W. van der Hoek and
               JJ.Ch. Meyer},
  title     = {Graded Modalities in Epistemic Logic},
  booktitle = LFCS,
  pages     = {503--514},
  year      = {1992}
}

@article{Rij00,
  author    = {M. de Rijke},
  title     = {A Note on Graded Modal Logic},
  journal   = {Studia Logica},
  volume    = {64},
  number    = {2},
  pages     = {271--283},
  year      = {2000}
}

@article{DBLP:journals/tocl/BenerecettiMM15,
  author    = {Massimo Benerecetti and
               Fabio Mogavero and
               A. Murano},
  title     = {Reasoning About Substructures and Games},
  journal   = {{ACM} Trans. Comput. Log.},
  volume    = {16},
  number    = {3},
  pages     = {25:1--25:51},
  year      = {2015},
  url       = {http://doi.acm.org/10.1145/2757286},
  doi       = {10.1145/2757286},
  timestamp = {Tue, 03 Jan 2017 11:47:03 +0100},
  biburl    = {http://dblp.uni-trier.de/rec/bib/journals/tocl/BenerecettiMM15},
  bibsource = {dblp computer science bibliography, http://dblp.org}
}



@article{DBLP:journals/jcss/BloemJPPS12,
  author    = {Roderick Bloem and
               Barbara Jobstmann and
               Nir Piterman and
               Amir Pnueli and
               Yaniv Sa'ar},
  title     = {Synthesis of Reactive(1) designs},
  journal   = {J. Comput. Syst. Sci.},
  volume    = {78},
  number    = {3},
  pages     = {911--938},
  year      = {2012},
  url       = {http://dx.doi.org/10.1016/j.jcss.2011.08.007},
  doi       = {10.1016/j.jcss.2011.08.007},
  timestamp = {Thu, 22 Mar 2012 09:03:40 +0100},
  biburl    = {http://dblp.uni-trier.de/rec/bib/journals/jcss/BloemJPPS12},
  bibsource = {dblp computer science bibliography, http://dblp.org}
}

@inproceedings{DBLP:conf/birthday/ClarkeKV10,
  author    = {Edmund M. Clarke and
               Robert P. Kurshan and
               Helmut Veith},
  title     = {The Localization Reduction and Counterexample-Guided Abstraction Refinement},
  booktitle = {Time for Verification, Essays in Memory of Amir Pnueli},
  pages     = {61--71},
  year      = {2010},
  crossref  = {DBLP:conf/birthday/2010pnueli},
  url       = {http://dx.doi.org/10.1007/978-3-642-13754-9_4},
  doi       = {10.1007/978-3-642-13754-9_4},
  timestamp = {Fri, 12 Feb 2016 07:36:54 +0100},
  biburl    = {http://dblp.uni-trier.de/rec/bib/conf/birthday/ClarkeKV10},
  bibsource = {dblp computer science bibliography, http://dblp.org}
}

@inproceedings{AminofMMR16,
  author    = {B. Aminof and
               V. Malvone and
               A. Murano and
               S. Rubin},
  title     = {Extended Graded Modalities in Strategy Logic},
  booktitle = {4th International Workshop on Strategic Reasoning,
               {SR} 2016, New York City, USA.},
  pages     = {1--14},
  doi       = {10.4204/EPTCS.218.1},
  timestamp = {Wed, 03 Aug 2016 11:42:52 +0200},
  biburl    = {http://dblp.uni-trier.de/rec/bib/journals/corr/AminofMMR16},
  bibsource = {dblp computer science bibliography, http://dblp.org}
}
% End of file References.bib
