@Article{AKRSV17,
author="Aminof, Benjamin
and Kotek, Tomer
and Rubin, Sasha
and Spegni, Francesco
and Veith, Helmut",
title="Parameterized model checking of rendezvous systems",
journal="Distributed Computing",
year="2017",
pages="1--36",
issn="1432-0452",
doi="10.1007/s00446-017-0302-6",
url="http://dx.doi.org/10.1007/s00446-017-0302-6",
}



@article{AR16,
author = "Benjamin Aminof and Sasha Rubin",
title  = "First Cycle Games",
journal = "Information and Computation",
year = "2016",
optdoi = "http://dx.doi.org/10.1016/j.ic.2016.10.008",
}


@book{DBLP:series/synthesis/2015Bloem,
  author    = {Roderick Bloem and
               Swen Jacobs and
               Ayrat Khalimov and
               Igor Konnov and
               Sasha Rubin and
               Helmut Veith and
               Josef Widder},
  title     = {Decidability of Parameterized Verification},
  booktitle = {Decidability of Parameterized Verification},
  series    = {Synthesis Lectures on Distributed Computing Theory},
  publisher = {Morgan {\&} Claypool Publishers},
  year      = {2015},
  opturl       = {http://dx.optdoi.org/10.2200/S00658ED1V01Y201508DCT013},
  optdoi       = {10.2200/S00658ED1V01Y201508DCT013},
  timestamp = {Wed, 13 Jan 2016 17:27:11 +0100},
  bibopturl    = {http://dblp.uni-trier.de/rec/bib/series/synthesis/2015Bloem},
  bibsource = {dblp computer science bibliography, http://dblp.org}
}


@article{DBLP:journals/sigact/BloemJKKRVW16,
  author    = {Roderick Bloem and
               Swen Jacobs and
               Ayrat Khalimov and
               Igor Konnov and
               Sasha Rubin and
               Helmut Veith and
               Josef Widder},
  title     = {Decidability in Parameterized Verification},
  journal   = {{SIGACT} News},
  volume    = {47},
  number    = {2},
  pages     = {53--64},
  year      = {2016},
  opturl       = {http://optdoi.acm.org/10.1145/2951860.2951873},
  optdoi       = {10.1145/2951860.2951873},
  timestamp = {Wed, 08 Jun 2016 11:00:58 +0200},
  bibopturl    = {http://dblp.uni-trier.de/rec/bib/journals/sigact/BloemJKKRVW16},
  bibsource = {dblp computer science bibliography, http://dblp.org}
}

@article{DBLP:journals/tcs/GrinshpunPRT14,
  author    = {Andrey Grinshpun and
               Pakawat Phalitnonkiat and
               Sasha Rubin and
               Andrei Tarfulea},
  title     = {Alternating traps in Muller and parity games},
  journal   = {Theoretical Computer Science},
  volume    = {521},
  pages     = {73--91},
  year      = {2014},
  opturl       = {http://dx.optdoi.org/10.1016/j.tcs.2013.11.032},
  optdoi       = {10.1016/j.tcs.2013.11.032},
  timestamp = {Fri, 14 Feb 2014 08:32:03 +0100},
  bibopturl    = {http://dblp.uni-trier.de/rec/bib/journals/tcs/GrinshpunPRT14},
  bibsource = {dblp computer science bibliography, http://dblp.org}
}


@article{DBLP:journals/lmcs/KhoussainovNRS07,
  author    = {Bakhadyr Khoussainov and
               Andr{\'{e}} Nies and
               Sasha Rubin and
               Frank Stephan},
  title     = {Automatic Structures: Richness and Limitations},
  journal   = {Logical Methods in Computer Science},
  volume    = {3},
  number    = {2},
  year      = {2007},
  opturl       = {http://dx.optdoi.org/10.2168/LMCS-3(2:2)2007},
  optdoi       = {10.2168/LMCS-3(2:2)2007},
  timestamp = {Mon, 07 Apr 2008 17:56:05 +0200},
  bibopturl    = {http://dblp.uni-trier.de/rec/bib/journals/lmcs/KhoussainovNRS07},
  bibsource = {dblp computer science bibliography, http://dblp.org}
}

@article{DBLP:journals/jalc/KhoussainovR01,
  author    = {Bakhadyr Khoussainov and
               Sasha Rubin},
  title     = {Graphs with Automatic Presentations over a Unary Alphabet},
  journal   = {Journal of Automata, Languages and Combinatorics},
  volume    = {6},
  number    = {4},
  pages     = {467--480},
  year      = {2001},
  timestamp = {Thu, 08 May 2003 08:09:59 +0200},
  bibopturl    = {http://dblp.uni-trier.de/rec/bib/journals/jalc/KhoussainovR01},
  bibsource = {dblp computer science bibliography, http://dblp.org}
}

@article{DBLP:journals/jalc/KhoussainovR03,
  author    = {Bakhadyr Khoussainov and
               Sasha Rubin},
  title     = {Automatic Structures: Overview and Future Directions},
  journal   = {Journal of Automata, Languages and Combinatorics},
  volume    = {8},
  number    = {2},
  pages     = {287--301},
  year      = {2003},
  timestamp = {Thu, 25 Sep 2003 16:51:09 +0200},
  bibopturl    = {http://dblp.uni-trier.de/rec/bib/journals/jalc/KhoussainovR03},
  bibsource = {dblp computer science bibliography, http://dblp.org}
}


@article{DBLP:journals/tocl/KhoussainovRS05,
  author    = {Bakhadyr Khoussainov and
               Sasha Rubin and
               Frank Stephan},
  title     = {Automatic linear orders and trees},
  journal   = {{ACM} Transactions on Computational Logic},
  volume    = {6},
  number    = {4},
  pages     = {675--700},
  year      = {2005},
  opturl       = {http://optdoi.acm.org/10.1145/1094622.1094625},
  optdoi       = {10.1145/1094622.1094625},
  timestamp = {Tue, 04 Apr 2006 16:03:29 +0200},
  bibopturl    = {http://dblp.uni-trier.de/rec/bib/journals/tocl/KhoussainovRS05},
  bibsource = {dblp computer science bibliography, http://dblp.org}
}


@incollection{BGR11,
author = "Vince B{\'{a}}r{\'{a}}ny and Erich Gr{\"{a}}del and Sasha Rubin",
editor = "Javier Esparza and Christian Michaux and Charles Steinhorn",
title = {Automata-based presentations of infinite structures}, 
booktitle = {Finite and Algorithmic Model Theory}, 
publisher = {Cambridge University Press}, 
year = {2011},
pages = {1--76},
note = {Cambridge Books Online}
}

incollection{Automath,
author = "Sasha Rubin",
editor = "Jean-Eric Pin",
title = {Automatic Structures},
booktitle =  {Automata: From mathematics to applications}, 
publisher = {EMS},
note = {to appear}
}

@article{DBLP:journals/bsl/Rubin08,
  author    = {Sasha Rubin},
  title     = {Automata Presenting Structures: {A} Survey of the Finite String Case},
  journal   = {Bulletin of Symbolic Logic},
  volume    = {14},
  number    = {2},
  pages     = {169--209},
  year      = {2008},
  opturl       = {http://www.math.ucla.edu/~asl/bsl/1402/1402-001.ps},
  timestamp = {Tue, 23 Jun 2009 12:39:14 +0200},
  bibopturl    = {http://dblp.uni-trier.de/rec/bib/journals/bsl/Rubin08},
  bibsource = {dblp computer science bibliography, http://dblp.org}
}



%%% WORKSHOPS %%% 

@inproceedings{BDGR17ICAPS,
  author = {Blai Bonet and Giuseppe De Giacomo and Hector Geffner and
  Sasha Rubin},
  title = {Generalized Planning: Non-Deterministic Abstractions and
  Trajectory Constraints},
  booktitle = {ICAPS 2017 Workshop on Generalized Planning},
  year      = {2017}, 
  keywords = {workshop},
}

@inproceedings{AMMR16-SR,
  author    = {Benjamin Aminof and
               Vadim Malvone and
               Aniello Murano and
               Sasha Rubin},
  title     = {Graded Strategy Logic},
booktitle = {Proceedings 4th International Workshop on Strategic Reasoning, {SR}
               2016, New York, USA.},
  year      = {2016},
  keywords = {workshop},
 }

@inproceedings{DBLP:journals/corr/AminofR14,
  author    = {Benjamin Aminof and
               Sasha Rubin},
  title     = {First Cycle Games},
  booktitle = {Proceedings 2nd International Workshop on Strategic Reasoning, {SR}
               2014, Grenoble, France, April 5-6, 2014.},
  pages     = {83--90},
  year      = {2014},
  optcrossref  = {DBLP:journals/corr/MogaveroMV14},
  opturl       = {http://dx.optdoi.org/10.4204/EPTCS.146.11},
  optdoi       = {10.4204/EPTCS.146.11},
  timestamp = {Fri, 02 May 2014 14:35:37 +0200},
  bibopturl    = {http://dblp.uni-trier.de/rec/bib/journals/corr/AminofR14},
  bibsource = {dblp computer science bibliography, http://dblp.org},
  keywords = {workshop},
}

@inproceedings{DBLP:journals/corr/abs-1210-2462,
  author    = {Alex Kruckman and
               Sasha Rubin and
               John Sheridan and
               Ben Zax},
  title     = {A Myhill-Nerode theorem for automata with advice},
  booktitle = {Proceedings Third International Symposium on Games, Automata, Logics
               and Formal Verification, GandALF 2012, Napoli, Italy, September 6-8,
               2012.},
  pages     = {238--246},
  year      = {2012},
  optcrossref  = {DBLP:journals/corr/abs-1210-2028},
  opturl       = {http://dx.optdoi.org/10.4204/EPTCS.96.18},
  optdoi       = {10.4204/EPTCS.96.18},
  timestamp = {Mon, 28 Oct 2013 16:56:55 +0100},
  bibopturl    = {http://dblp.uni-trier.de/rec/bib/journals/corr/abs-1210-2462},
  bibsource = {dblp computer science bibliography, http://dblp.org}
}

proceedings{DBLP:journals/corr/abs-1210-2028,
  editor    = {Marco Faella and
               Aniello Murano},
  title     = {Proceedings Third International Symposium on Games, Automata, Logics
               and Formal Verification, GandALF 2012, Napoli, Italy, September 6-8,
               2012},
  series    = {{EPTCS}},
  volume    = {96},
  year      = {2012},
  opturl       = {http://dx.optdoi.org/10.4204/EPTCS.96},
  optdoi       = {10.4204/EPTCS.96},
  timestamp = {Mon, 28 Oct 2013 16:56:55 +0100},
  bibopturl    = {http://dblp.uni-trier.de/rec/bib/journals/corr/abs-1210-2028},
  bibsource = {dblp computer science bibliography, http://dblp.org}
}


%%% CONFERENCES %%%


@inproceedings{BDGR17,
  author = {Blai Bonet and Giuseppe De Giacomo and Hector Geffner and
  Sasha Rubin},
  title = {Generalized Planning: Non-Deterministic Abstractions and
  Trajectory Constraints},
  booktitle = {International Joint Conference on Artificial
  Intelligence (IJCAI 2017)}, 
  year      = {2017}, 
}


@inproceedings{GMPRW17,
  author = {Julian Gutierrez and Aniello Murano and Giuseppe Perelli
  and Sasha Rubin and Michael Wooldridge},
  title = {Nash Equilibria in Concurrent
  Games with Lexicographic Preferences},
  booktitle = {International Joint Conference on Artificial
  Intelligence (IJCAI 2017)}, 
  year      = {2017}, 
}

@inproceedings{BLMR17IJCAI,
  author    = {Francesco Belardinelli and Alessio Lomuscio and Aniello
  Murano and Sasha Rubin}, 
  title = {Verification of Broadcasting Multi-Agent Systems against an
  Epistemic Strategy Logic}, 
  booktitle = {International Joint Conference on Artificial
  Intelligence (IJCAI 2017)}, 
  year      = {2017}, 
}

@inproceedings{BLMR17,
  author    = {Francesco Belardinelli and Alessio Lomuscio and Aniello Murano and Sasha Rubin},
  title = {Verification of Multi-agent Systems with Imperfect Information and Public Actions},
booktitle = {Proceedings of the 2017 International Conference on Autonomous Agents {\&} Multiagent Systems {(AAMAS 2017)}}, 
place = {S\~{a}o Paulo, May 8-12, 2017},
  ppages     = {xx-xx},
  year      = {2017},
}


@inproceedings{GMRS16IJCAI,
Author = {Giuseppe De Giacomo and Antonio Di Stasio and Aniello Murano and Sasha Rubin},
title = {Imperfect information games and generalized planning},
booktitle = {International Joint Conference on Artificial Intelligence (IJCAI 2016)},
year = {2016},
}

%%%%%%%%%%%%%%%%%%%%%%%%%%%%%%%%%%%%%%%%%%%%%% DBLP ENTRIES BELOW
%%%%%%%%%%%%%%%%%%%%%%%%%%%%%%%%%%%%%%%%%%%%%% DBLP ENTRIES BELOW
%%%%%%%%%%%%%%%%%%%%%%%%%%%%%%%%%%%%%%%%%%%%%% DBLP ENTRIES BELOW

@inproceedings{DBLP:conf/vmcai/AminofJKR14,
  author    = {Benjamin Aminof and
               Swen Jacobs and
               Ayrat Khalimov and
               Sasha Rubin},
  title     = {Parameterized Model Checking of Token-Passing Systems},
  booktitle = {Verification, Model Checking, and Abstract Interpretation - 15th International
               Conference, {VMCAI} 2014, San Diego, CA, USA, January 19-21, 2014,
               Proceedings},
  pages     = {262--281},
  year      = {2014},
  optcrossref  = {DBLP:conf/vmcai/2014},
  opturl       = {http://dx.optdoi.org/10.1007/978-3-642-54013-4_15},
  optdoi       = {10.1007/978-3-642-54013-4_15},
  timestamp = {Mon, 13 Jan 2014 14:28:35 +0100},
  bibopturl    = {http://dblp.uni-trier.de/rec/bib/conf/vmcai/AminofJKR14},
  bibsource = {dblp computer science bibliography, http://dblp.org}
}

proceedings{DBLP:conf/vmcai/2014,
  editor    = {Kenneth L. McMillan and
               Xavier Rival},
  title     = {Verification, Model Checking, and Abstract Interpretation - 15th International
               Conference, {VMCAI} 2014, San Diego, CA, USA, January 19-21, 2014,
               Proceedings},
  series    = {Lecture Notes in Computer Science},
  volume    = {8318},
  publisher = {Springer},
  year      = {2014},
  opturl       = {http://dx.optdoi.org/10.1007/978-3-642-54013-4},
  optdoi       = {10.1007/978-3-642-54013-4},
  isbn      = {978-3-642-54012-7},
  timestamp = {Mon, 13 Jan 2014 14:24:50 +0100},
  bibopturl    = {http://dblp.uni-trier.de/rec/bib/conf/vmcai/2014},
  bibsource = {dblp computer science bibliography, http://dblp.org}
}

@inproceedings{DBLP:conf/concur/AminofKRSV14,
  author    = {Benjamin Aminof and
               Tomer Kotek and
               Sasha Rubin and
               Francesco Spegni and
               Helmut Veith},
  title     = {Parameterized Model Checking of Rendezvous Systems},
  booktitle = {{CONCUR} 2014 - Concurrency Theory - 25th International Conference,
               {CONCUR} 2014, Rome, Italy, September 2-5, 2014. Proceedings},
  pages     = {109--124},
  year      = {2014},
  optcrossref  = {DBLP:conf/concur/2014},
  opturl       = {http://dx.optdoi.org/10.1007/978-3-662-44584-6_9},
  optdoi       = {10.1007/978-3-662-44584-6_9},
  timestamp = {Tue, 09 Sep 2014 10:24:52 +0200},
  bibopturl    = {http://dblp.uni-trier.de/rec/bib/conf/concur/AminofKRSV14},
  bibsource = {dblp computer science bibliography, http://dblp.org}
}

proceedings{DBLP:conf/concur/2014,
  editor    = {Paolo Baldan and
               Daniele Gorla},
  title     = {{CONCUR} 2014 - Concurrency Theory - 25th International Conference,
               {CONCUR} 2014, Rome, Italy, September 2-5, 2014. Proceedings},
  series    = {Lecture Notes in Computer Science},
  volume    = {8704},
  publisher = {Springer},
  year      = {2014},
  opturl       = {http://dx.optdoi.org/10.1007/978-3-662-44584-6},
  optdoi       = {10.1007/978-3-662-44584-6},
  isbn      = {978-3-662-44583-9},
  timestamp = {Tue, 09 Sep 2014 10:21:05 +0200},
  bibopturl    = {http://dblp.uni-trier.de/rec/bib/conf/concur/2014},
  bibsource = {dblp computer science bibliography, http://dblp.org}
}

@inproceedings{DBLP:conf/atal/AminofMMR16,
  author    = {Benjamin Aminof and
               Vadim Malvone and
               Aniello Murano and
               Sasha Rubin},
  title     = {Graded Strategy Logic: Reasoning about Uniqueness of Nash Equilibria},
  booktitle = {Proceedings of the 2016 International Conference on
  Autonomous Agents {\&} Multiagent Systems {(AAMAS 2016)}},
  pages     = {698--706},
  year      = {2016},
  optcrossref  = {DBLP:conf/atal/2016},
  opturl       = {http://dl.acm.org/citation.cfm?id=2937027},
  timestamp = {Fri, 20 May 2016 21:03:38 +0200},
  bibopturl    = {http://dblp.uni-trier.de/rec/bib/conf/atal/AminofMMR16},
  bibsource = {dblp computer science bibliography, http://dblp.org}
  place = {Singapore, May 9-13, 2016},
}

proceedings{DBLP:conf/atal/2016,
  editor    = {Catholijn M. Jonker and
               Stacy Marsella and
               John Thangarajah and
               Karl Tuyls},
  title     = {Proceedings of the 2016 International Conference on Autonomous Agents
               {\&} Multiagent Systems {AAMAS 2016}},
               place = {Singapore, May 9-13, 2016},
  publisher = {{ACM}},
  year      = {2016},
  opturl       = {http://dl.acm.org/citation.cfm?id=2936924},
  isbn      = {978-1-4503-4239-1},
  timestamp = {Fri, 20 May 2016 20:33:29 +0200},
  bibopturl    = {http://dblp.uni-trier.de/rec/bib/conf/atal/2016},
  bibsource = {dblp computer science bibliography, http://dblp.org}
}

@inproceedings{DBLP:conf/lpar/AminofMR15,
  author    = {Benjamin Aminof and
               Aniello Murano and
               Sasha Rubin},
  title     = {On {CTL}* with Graded Path Modalities},
  booktitle = {Logic for Programming, Artificial Intelligence, and Reasoning - 20th
               International Conference, {LPAR-20} 2015, Suva, Fiji, November 24-28,
               2015, Proceedings},
  pages     = {281--296},
  year      = {2015},
  optcrossref  = {DBLP:conf/lpar/2015},
  opturl       = {http://dx.optdoi.org/10.1007/978-3-662-48899-7_20},
  optdoi       = {10.1007/978-3-662-48899-7_20},
  timestamp = {Wed, 02 Dec 2015 15:09:37 +0100},
  bibopturl    = {http://dblp.uni-trier.de/rec/bib/conf/lpar/AminofMR15},
  bibsource = {dblp computer science bibliography, http://dblp.org}
}

proceedings{DBLP:conf/lpar/2015,
  editor    = {Martin Davis and
               Ansgar Fehnker and
               Annabelle McIver and
               Andrei Voronkov},
  title     = {Logic for Programming, Artificial Intelligence, and Reasoning - 20th
               International Conference, {LPAR-20} 2015, Suva, Fiji, November 24-28,
               2015, Proceedings},
  series    = {Lecture Notes in Computer Science},
  volume    = {9450},
  publisher = {Springer},
  year      = {2015},
  opturl       = {http://dx.optdoi.org/10.1007/978-3-662-48899-7},
  optdoi       = {10.1007/978-3-662-48899-7},
  isbn      = {978-3-662-48898-0},
  timestamp = {Wed, 02 Dec 2015 15:05:10 +0100},
  bibopturl    = {http://dblp.uni-trier.de/rec/bib/conf/lpar/2015},
  bibsource = {dblp computer science bibliography, http://dblp.org}
}

@inproceedings{DBLP:conf/kr/AminofMRZ16,
  author    = {Benjamin Aminof and
               Aniello Murano and
               Sasha Rubin and
               Florian Zuleger},
  title     = {Prompt Alternating-Time Epistemic Logics},
  booktitle = {Principles of Knowledge Representation and Reasoning: Proc. 
               of the 15th International Conference, ({KR} 2016)},
               place = { Cape Town, South
               Africa, April 25-29, 2016.},
  pages     = {258--267},
  year      = {2016},
  optcrossref  = {DBLP:conf/kr/2016},
  opturl       = {http://www.aaai.org/ocs/index.php/KR/KR16/paper/view/12890},
  timestamp = {Thu, 21 Apr 2016 20:01:05 +0200},
  bibopturl    = {http://dblp.uni-trier.de/rec/bib/conf/kr/AminofMRZ16},
  bibsource = {dblp computer science bibliography, http://dblp.org}
}

proceedings{DBLP:conf/kr/2016,
  editor    = {Chitta Baral and
               James P. Delgrande and
               Frank Wolter},
  title     = {Principles of Knowledge Representation and Reasoning: Proceedings
               of the Fifteenth International Conference, {KR} 2016, Cape Town, South
               Africa, April 25-29, 2016},
  publisher = {{AAAI} Press},
  year      = {2016},
  opturl       = {http://www.aaai.org/Library/KR/kr16contents.php},
  isbn      = {978-1-57735-755-1},
  timestamp = {Thu, 21 Apr 2016 20:01:05 +0200},
  bibopturl    = {http://dblp.uni-trier.de/rec/bib/conf/kr/2016},
  bibsource = {dblp computer science bibliography, http://dblp.org}
}

@inproceedings{DBLP:conf/atal/AminofMRZ16,
  author    = {Benjamin Aminof and
               Aniello Murano and
               Sasha Rubin and
               Florian Zuleger},
  title     = {Automatic Verification of Multi-Agent Systems in Parameterised Grid-Environments},
  booktitle = {Proceedings of the 2016 International Conference on Autonomous Agents
               {\&} Multiagent Systems {(AAMAS 2016)}},
               place = {Singapore, May 9-13, 2016},
               
  pages     = {1190--1199},
  year      = {2016},
  optcrossref  = {DBLP:conf/atal/2016},
  opturl       = {http://dl.acm.org/citation.cfm?id=2937098},
  timestamp = {Fri, 20 May 2016 21:03:38 +0200},
  bibopturl    = {http://dblp.uni-trier.de/rec/bib/conf/atal/AminofMRZ16},
  bibsource = {dblp computer science bibliography, http://dblp.org}
}

proceedings{DBLP:conf/atal/2016,
  editor    = {Catholijn M. Jonker and
               Stacy Marsella and
               John Thangarajah and
               Karl Tuyls},
  title     = {Proceedings of the 2016 International Conference on Autonomous Agents
               {\&} Multiagent Systems, Singapore, May 9-13, 2016},
  publisher = {{ACM}},
  year      = {2016},
  opturl       = {http://dl.acm.org/citation.cfm?id=2936924},
  isbn      = {978-1-4503-4239-1},
  timestamp = {Fri, 20 May 2016 20:33:29 +0200},
  bibopturl    = {http://dblp.uni-trier.de/rec/bib/conf/atal/2016},
  bibsource = {dblp computer science bibliography, http://dblp.org}
}

proceedings{DBLP:journals/corr/MogaveroMV14,
  editor    = {Fabio Mogavero and
               Aniello Murano and
               Moshe Y. Vardi},
  title     = {Proceedings 2nd International Workshop on Strategic Reasoning, {SR}
               2014, Grenoble, France, April 5-6, 2014},
  series    = {{EPTCS}},
  volume    = {146},
  year      = {2014},
  opturl       = {http://dx.optdoi.org/10.4204/EPTCS.146},
  optdoi       = {10.4204/EPTCS.146},
  timestamp = {Fri, 02 May 2014 14:35:37 +0200},
  bibopturl    = {http://dblp.uni-trier.de/rec/bib/journals/corr/MogaveroMV14},
  bibsource = {dblp computer science bibliography, http://dblp.org}
}

@inproceedings{DBLP:conf/cade/AminofR16,
  author    = {Benjamin Aminof and
               Sasha Rubin},
  title     = {Model Checking Parameterised Multi-token Systems via the Composition
               Method},
  booktitle = {Proc. 8th International Joint
  Conference on Automated Reasoning, (IJCAR 2016)},
  place = {Coimbra, Portugal, June 27 - July 2, 2016, Proceedings},
  pages     = {499--515},
  year      = {2016},
  optcrossref  = {DBLP:conf/cade/2016},
  opturl       = {http://dx.optdoi.org/10.1007/978-3-319-40229-1_34},
  optdoi       = {10.1007/978-3-319-40229-1_34},
  timestamp = {Mon, 13 Jun 2016 18:03:24 +0200},
  bibopturl    = {http://dblp.uni-trier.de/rec/bib/conf/cade/AminofR16},
  bibsource = {dblp computer science bibliography, http://dblp.org}
}

proceedings{DBLP:conf/cade/2016,
  editor    = {Nicola Olivetti and
               Ashish Tiwari},
  title     = {Automated Reasoning - 8th International Joint Conference, {IJCAR}
               2016, Coimbra, Portugal, June 27 - July 2, 2016, Proceedings},
  series    = {Lecture Notes in Computer Science},
  volume    = {9706},
  publisher = {Springer},
  year      = {2016},
  opturl       = {http://dx.optdoi.org/10.1007/978-3-319-40229-1},
  optdoi       = {10.1007/978-3-319-40229-1},
  isbn      = {978-3-319-40228-4},
  timestamp = {Mon, 13 Jun 2016 18:03:24 +0200},
  bibopturl    = {http://dblp.uni-trier.de/rec/bib/conf/cade/2016},
  bibsource = {dblp computer science bibliography, http://dblp.org}
}

@inproceedings{DBLP:conf/lpar/AminofRZ15,
  author    = {Benjamin Aminof and
               Sasha Rubin and
               Florian Zuleger},
  title     = {On the Expressive Power of Communication Primitives in Parameterised
               Systems},
  booktitle = {Logic for Programming, Artificial Intelligence, and Reasoning - 20th
               International Conference, {LPAR-20} 2015, Suva, Fiji, November 24-28,
               2015, Proceedings},
  pages     = {313--328},
  year      = {2015},
  optcrossref  = {DBLP:conf/lpar/2015},
  opturl       = {http://dx.optdoi.org/10.1007/978-3-662-48899-7_22},
  optdoi       = {10.1007/978-3-662-48899-7_22},
  timestamp = {Wed, 02 Dec 2015 15:09:37 +0100},
  bibopturl    = {http://dblp.uni-trier.de/rec/bib/conf/lpar/AminofRZ15},
  bibsource = {dblp computer science bibliography, http://dblp.org}
}

proceedings{DBLP:conf/lpar/2015,
  editor    = {Martin Davis and
               Ansgar Fehnker and
               Annabelle McIver and
               Andrei Voronkov},
  title     = {Logic for Programming, Artificial Intelligence, and Reasoning - 20th
               International Conference, {LPAR-20} 2015, Suva, Fiji, November 24-28,
               2015, Proceedings},
  series    = {Lecture Notes in Computer Science},
  volume    = {9450},
  publisher = {Springer},
  year      = {2015},
  opturl       = {http://dx.optdoi.org/10.1007/978-3-662-48899-7},
  optdoi       = {10.1007/978-3-662-48899-7},
  isbn      = {978-3-662-48898-0},
  timestamp = {Wed, 02 Dec 2015 15:05:10 +0100},
  bibopturl    = {http://dblp.uni-trier.de/rec/bib/conf/lpar/2015},
  bibsource = {dblp computer science bibliography, http://dblp.org}
}

@inproceedings{DBLP:conf/icalp/AminofRZS15,
  author    = {Benjamin Aminof and
               Sasha Rubin and
Francesco Spegni and
               Florian Zuleger},
  title     = {Liveness of Parameterized Timed Networks},
  booktitle = {Automata, Languages, and Programming - 42nd International Colloquium,
               {ICALP} 2015, Kyoto, Japan, July 6-10, 2015, Proceedings, Part {II}},
  pages     = {375--387},
  year      = {2015},
  optcrossref  = {DBLP:conf/icalp/2015-2},
  opturl       = {http://dx.optdoi.org/10.1007/978-3-662-47666-6_30},
  optdoi       = {10.1007/978-3-662-47666-6_30},
  timestamp = {Mon, 22 Jun 2015 12:04:57 +0200},
  bibopturl    = {http://dblp.uni-trier.de/rec/bib/conf/icalp/AminofRZS15},
  bibsource = {dblp computer science bibliography, http://dblp.org}
}

proceedings{DBLP:conf/icalp/2015-2,
  editor    = {Magn{\'{u}}s M. Halld{\'{o}}rsson and
               Kazuo Iwama and
               Naoki Kobayashi and
               Bettina Speckmann},
  title     = {Automata, Languages, and Programming - 42nd International Colloquium,
               {ICALP} 2015, Kyoto, Japan, July 6-10, 2015, Proceedings, Part {II}},
  series    = {Lecture Notes in Computer Science},
  volume    = {9135},
  publisher = {Springer},
  year      = {2015},
  opturl       = {http://dx.optdoi.org/10.1007/978-3-662-47666-6},
  optdoi       = {10.1007/978-3-662-47666-6},
  isbn      = {978-3-662-47665-9},
  timestamp = {Mon, 22 Jun 2015 12:02:44 +0200},
  bibopturl    = {http://dblp.uni-trier.de/rec/bib/conf/icalp/2015-2},
  bibsource = {dblp computer science bibliography, http://dblp.org}
}

@inproceedings{DBLP:conf/cav/BustanRV04,
  author    = {Doron Bustan and
               Sasha Rubin and
               Moshe Y. Vardi},
  title     = {Verifying omega-Regular Properties of Markov Chains},
  booktitle = {Computer Aided Verification, 16th International Conference, {CAV}
               2004, Boston, MA, USA, July 13-17, 2004, Proceedings},
  pages     = {189--201},
  year      = {2004},
  optcrossref  = {DBLP:conf/cav/2004},
  opturl       = {http://dx.optdoi.org/10.1007/978-3-540-27813-9_15},
  optdoi       = {10.1007/978-3-540-27813-9_15},
  timestamp = {Fri, 12 Feb 2016 07:36:53 +0100},
  bibopturl    = {http://dblp.uni-trier.de/rec/bib/conf/cav/BustanRV04},
  bibsource = {dblp computer science bibliography, http://dblp.org}
}

proceedings{DBLP:conf/cav/2004,
  editor    = {Rajeev Alur and
               Doron A. Peled},
  title     = {Computer Aided Verification, 16th International Conference, {CAV}
               2004, Boston, MA, USA, July 13-17, 2004, Proceedings},
  series    = {Lecture Notes in Computer Science},
  volume    = {3114},
  publisher = {Springer},
  year      = {2004},
  isbn      = {3-540-22342-8},
  timestamp = {Fri, 12 Feb 2016 07:36:53 +0100},
  bibopturl    = {http://dblp.uni-trier.de/rec/bib/conf/cav/2004},
  bibsource = {dblp computer science bibliography, http://dblp.org}
}

@inproceedings{DBLP:conf/lata/ChatterjeeCR13,
  author    = {Krishnendu Chatterjee and
               Siddhesh Chaubal and
               Sasha Rubin},
  title     = {How to Travel between Languages},
  booktitle = {Language and Automata Theory and Applications - 7th International
               Conference, {LATA} 2013, Bilbao, Spain, April 2-5, 2013. Proceedings},
  pages     = {214--225},
  year      = {2013},
  optcrossref  = {DBLP:conf/lata/2013},
  opturl       = {http://dx.optdoi.org/10.1007/978-3-642-37064-9_20},
  optdoi       = {10.1007/978-3-642-37064-9_20},
  timestamp = {Fri, 31 May 2013 12:37:26 +0200},
  bibopturl    = {http://dblp.uni-trier.de/rec/bib/conf/lata/ChatterjeeCR13},
  bibsource = {dblp computer science bibliography, http://dblp.org}
}

proceedings{DBLP:conf/lata/2013,
  editor    = {Adrian Horia Dediu and
               Carlos Mart{\'{\i}}n{-}Vide and
               Bianca Truthe},
  title     = {Language and Automata Theory and Applications - 7th International
               Conference, {LATA} 2013, Bilbao, Spain, April 2-5, 2013. Proceedings},
  series    = {Lecture Notes in Computer Science},
  volume    = {7810},
  publisher = {Springer},
  year      = {2013},
  opturl       = {http://dx.optdoi.org/10.1007/978-3-642-37064-9},
  optdoi       = {10.1007/978-3-642-37064-9},
  isbn      = {978-3-642-37063-2},
  timestamp = {Fri, 31 May 2013 12:37:26 +0200},
  bibopturl    = {http://dblp.uni-trier.de/rec/bib/conf/lata/2013},
  bibsource = {dblp computer science bibliography, http://dblp.org}
}

@inproceedings{DBLP:conf/stacs/GanzowR08,
  author    = {Tobias Ganzow and
               Sasha Rubin},
  title     = {Order-Invariant {MSO} is Stronger than Counting {MSO} in the Finite},
  booktitle = {{STACS} 2008, 25th Annual Symposium on Theoretical Aspects of Computer
               Science, Bordeaux, France, February 21-23, 2008, Proceedings},
  pages     = {313--324},
  year      = {2008},
  optcrossref  = {DBLP:conf/stacs/2008},
  opturl       = {http://dx.optdoi.org/10.4230/LIPIcs.STACS.2008.1353},
  optdoi       = {10.4230/LIPIcs.STACS.2008.1353},
  timestamp = {Tue, 26 Feb 2013 10:44:33 +0100},
  bibopturl    = {http://dblp.uni-trier.de/rec/bib/conf/stacs/GanzowR08},
  bibsource = {dblp computer science bibliography, http://dblp.org}
}

proceedings{DBLP:conf/stacs/2008,
  editor    = {Susanne Albers and
               Pascal Weil},
  title     = {{STACS} 2008, 25th Annual Symposium on Theoretical Aspects of Computer
               Science, Bordeaux, France, February 21-23, 2008, Proceedings},
  series    = {LIPIcs},
  volume    = {1},
  publisher = {Schloss Dagstuhl - Leibniz-Zentrum fuer Informatik, Germany},
  year      = {2008},
  timestamp = {Tue, 26 Feb 2013 10:44:33 +0100},
  bibopturl    = {http://dblp.uni-trier.de/rec/bib/conf/stacs/2008},
  bibsource = {dblp computer science bibliography, http://dblp.org}
}

@inproceedings{BMMRV17,
author = {Raphael Berthon and Bastien Maubert and Aniello Murano and
Sasha Rubin and Moshe Vardi},
title = {Hierarchical Strategic Reasoning},
booktitle = {IEEE Symposium on Logic in Computer Science (LICS 2017)},
year = {2017},
}

@inproceedings{DBLP:conf/lics/IshiharaKR02,
  author    = {Hajime Ishihara and
               Bakhadyr Khoussainov and
               Sasha Rubin},
  title     = {Some Results on Automatic Structures},
  booktitle = {{LICS 2002}, 17th {IEEE} Symposium on Logic in Computer Science, 22-25 July 2002, Copenhagen, Denmark, Proceedings},
  pages     = {235},
  year      = {2002},
  optcrossref  = {DBLP:conf/lics/2002},
  opturl       = {http://dx.optdoi.org/10.1109/LICS.2002.1029832},
  optdoi       = {10.1109/LICS.2002.1029832},
  timestamp = {Sat, 22 Nov 2014 13:44:43 +0100},
  bibopturl    = {http://dblp.uni-trier.de/rec/bib/conf/lics/IshiharaKR02},
  bibsource = {dblp computer science bibliography, http://dblp.org},
}

proceedings{DBLP:conf/lics/2002,
  title     = {17th {IEEE} Symposium on Logic in Computer Science {(LICS} 2002),
               22-25 July 2002, Copenhagen, Denmark, Proceedings},
  publisher = {{IEEE} Computer Society},
  year      = {2002},
  opturl       = {http://ieeexplore.ieee.org/xpl/mostRecentIssue.jsp?punumber=8005},
  isbn      = {0-7695-1483-9},
  timestamp = {Fri, 21 Nov 2014 14:08:56 +0100},
  bibopturl    = {http://dblp.uni-trier.de/rec/bib/conf/lics/2002},
  bibsource = {dblp computer science bibliography, http://dblp.org}
}

@inproceedings{DBLP:conf/stacs/KaiserRB08,
  author    = {Lukasz Kaiser and
               Sasha Rubin and
               Vince B{\'{a}}r{\'{a}}ny},
  title     = {Cardinality and counting quantifiers on omega-automatic structures},
  booktitle = {{STACS} 2008, 25th Annual Symposium on Theoretical Aspects of Computer
               Science, Bordeaux, France, February 21-23, 2008, Proceedings},
  pages     = {385--396},
  year      = {2008},
  optcrossref  = {DBLP:conf/stacs/2008},
  opturl       = {http://dx.optdoi.org/10.4230/LIPIcs.STACS.2008.1360},
  optdoi       = {10.4230/LIPIcs.STACS.2008.1360},
  timestamp = {Tue, 26 Feb 2013 10:44:33 +0100},
  bibopturl    = {http://dblp.uni-trier.de/rec/bib/conf/stacs/KaiserRB08},
  bibsource = {dblp computer science bibliography, http://dblp.org}
}

proceedings{DBLP:conf/stacs/2008,
  editor    = {Susanne Albers and
               Pascal Weil},
  title     = {{STACS} 2008, 25th Annual Symposium on Theoretical Aspects of Computer
               Science, Bordeaux, France, February 21-23, 2008, Proceedings},
  series    = {LIPIcs},
  volume    = {1},
  publisher = {Schloss Dagstuhl - Leibniz-Zentrum fuer Informatik, Germany},
  year      = {2008},
  timestamp = {Tue, 26 Feb 2013 10:44:33 +0100},
  bibopturl    = {http://dblp.uni-trier.de/rec/bib/conf/stacs/2008},
  bibsource = {dblp computer science bibliography, http://dblp.org}
}

@inproceedings{DBLP:conf/lics/KhoussainovNRS04,
  author    = {Bakhadyr Khoussainov and
               Andr{\'{e}} Nies and
               Sasha Rubin and
               Frank Stephan},
  title     = {Automatic Structures: Richness and Limitations},
  booktitle = {{LICS 2004}, 19th {IEEE} Symposium on Logic in Computer Science,
               14-17 July 2004, Turku, Finland, Proceedings},
  pages     = {44--53},
  year      = {2004},
  optcrossref  = {DBLP:conf/lics/2004},
  opturl       = {http://dx.optdoi.org/10.1109/LICS.2004.1319599},
  optdoi       = {10.1109/LICS.2004.1319599},
  timestamp = {Sat, 22 Nov 2014 13:44:45 +0100},
  bibopturl    = {http://dblp.uni-trier.de/rec/bib/conf/lics/KhoussainovNRS04},
  bibsource = {dblp computer science bibliography, http://dblp.org},
}

proceedings{DBLP:conf/lics/2004,
  title     = {19th {IEEE} Symposium on Logic in Computer Science {(LICS} 2004),
               14-17 July 2004, Turku, Finland, Proceedings},
  publisher = {{IEEE} Computer Society},
  year      = {2004},
  opturl       = {http://ieeexplore.ieee.org/xpl/mostRecentIssue.jsp?punumber=9221},
  isbn      = {0-7695-2192-4},
  timestamp = {Fri, 21 Nov 2014 14:08:55 +0100},
  bibopturl    = {http://dblp.uni-trier.de/rec/bib/conf/lics/2004},
  bibsource = {dblp computer science bibliography, http://dblp.org}
}
@inproceedings{DBLP:conf/csl/KhoussainovR05,
  author    = {Bakhadyr Khoussainov and
               Sasha Rubin},
  title     = {Decidability of Term Algebras Extending Partial Algebras},
  booktitle = {Computer Science Logic, 19th International Workshop, {CSL} 2005, 14th
               Annual Conference of the EACSL, Oxford, UK, August 22-25, 2005, Proceedings},
  pages     = {292--308},
  year      = {2005},
  optcrossref  = {DBLP:conf/csl/2005},
  opturl       = {http://dx.optdoi.org/10.1007/11538363_21},
  optdoi       = {10.1007/11538363_21},
  timestamp = {Wed, 28 Sep 2005 10:18:19 +0200},
  bibopturl    = {http://dblp.uni-trier.de/rec/bib/conf/csl/KhoussainovR05},
  bibsource = {dblp computer science bibliography, http://dblp.org},
}

proceedings{DBLP:conf/csl/2005,
  editor    = {C.{-}H. Luke Ong},
  title     = {Computer Science Logic, 19th International Workshop, {CSL} 2005, 14th
               Annual Conference of the EACSL, Oxford, UK, August 22-25, 2005, Proceedings},
  series    = {Lecture Notes in Computer Science},
  volume    = {3634},
  publisher = {Springer},
  year      = {2005},
  isbn      = {3-540-28231-9},
  timestamp = {Wed, 28 Sep 2005 10:18:19 +0200},
  bibopturl    = {http://dblp.uni-trier.de/rec/bib/conf/csl/2005},
  bibsource = {dblp computer science bibliography, http://dblp.org}
}

@inproceedings{DBLP:conf/lics/KhoussainovRS03,
  author    = {Bakhadyr Khoussainov and
               Sasha Rubin and
               Frank Stephan},
  title     = {On Automatic Partial Orders},
  booktitle = {{LICS 2003}, 18th {IEEE} Symposium on Logic in Computer Science, 
               22-25 June 2003, Ottawa, Canada, Proceedings},
  pages     = {168--177},
  year      = {2003},
  optcrossref  = {DBLP:conf/lics/2003},
  opturl       = {http://dx.optdoi.org/10.1109/LICS.2003.1210056},
  optdoi       = {10.1109/LICS.2003.1210056},
  timestamp = {Sat, 22 Nov 2014 13:44:44 +0100},
  bibopturl    = {http://dblp.uni-trier.de/rec/bib/conf/lics/KhoussainovRS03},
  bibsource = {dblp computer science bibliography, http://dblp.org},
}

proceedings{DBLP:conf/lics/2003,
  title     = {18th {IEEE} Symposium on Logic in Computer Science {(LICS} 2003),
               22-25 June 2003, Ottawa, Canada, Proceedings},
  publisher = {{IEEE} Computer Society},
  year      = {2003},
  opturl       = {http://ieeexplore.ieee.org/xpl/mostRecentIssue.jsp?punumber=8592},
  isbn      = {0-7695-1884-2},
  timestamp = {Fri, 21 Nov 2014 14:08:55 +0100},
  bibopturl    = {http://dblp.uni-trier.de/rec/bib/conf/lics/2003},
  bibsource = {dblp computer science bibliography, http://dblp.org}
}

@inproceedings{DBLP:conf/stacs/KhoussainovRS04,
  author    = {Bakhadyr Khoussainov and
               Sasha Rubin and
               Frank Stephan},
  title     = {Definability and Regularity in Automatic Structures},
  booktitle = {{STACS} 2004, 21st Annual Symposium on Theoretical Aspects of Computer
               Science, Montpellier, France, March 25-27, 2004, Proceedings},
  pages     = {440--451},
  year      = {2004},
  optcrossref  = {DBLP:conf/stacs/2004},
  opturl       = {http://dx.optdoi.org/10.1007/978-3-540-24749-4_39},
  optdoi       = {10.1007/978-3-540-24749-4_39},
  timestamp = {Wed, 06 Jul 2011 21:22:22 +0200},
  bibopturl    = {http://dblp.uni-trier.de/rec/bib/conf/stacs/KhoussainovRS04},
  bibsource = {dblp computer science bibliography, http://dblp.org},
}

proceedings{DBLP:conf/stacs/2004,
  editor    = {Volker Diekert and
               Michel Habib},
  title     = {{STACS} 2004, 21st Annual Symposium on Theoretical Aspects of Computer
               Science, Montpellier, France, March 25-27, 2004, Proceedings},
  series    = {Lecture Notes in Computer Science},
  volume    = {2996},
  publisher = {Springer},
  year      = {2004},
  isbn      = {3-540-21236-1},
  timestamp = {Mon, 15 Mar 2004 09:04:29 +0100},
  bibopturl    = {http://dblp.uni-trier.de/rec/bib/conf/stacs/2004},
  bibsource = {dblp computer science bibliography, http://dblp.org}
}

@inproceedings{DBLP:conf/prima/MuranoPR15,
  author    = {Aniello Murano and
               Giuseppe Perelli and
               Sasha Rubin},
  title     = {Multi-agent Path Planning in Known Dynamic Environments},
  booktitle = {{PRIMA} 2015: Principles and Practice of Multi-Agent Systems - 18th
               International Conference, Bertinoro, Italy, October 26-30, 2015, Proceedings},
  pages     = {218--231},
  year      = {2015},
  optcrossref  = {DBLP:conf/prima/2015},
  opturl       = {http://dx.optdoi.org/10.1007/978-3-319-25524-8_14},
  optdoi       = {10.1007/978-3-319-25524-8_14},
  timestamp = {Thu, 22 Oct 2015 11:55:04 +0200},
  bibopturl    = {http://dblp.uni-trier.de/rec/bib/conf/prima/MuranoPR15},
  bibsource = {dblp computer science bibliography, http://dblp.org},
}

proceedings{DBLP:conf/prima/2015,
  editor    = {Qingliang Chen and
               Paolo Torroni and
               Serena Villata and
               Jane Yung{-}jen Hsu and
               Andrea Omicini},
  title     = {{PRIMA} 2015: Principles and Practice of Multi-Agent Systems - 18th
               International Conference, Bertinoro, Italy, October 26-30, 2015, Proceedings},
  series    = {Lecture Notes in Computer Science},
  volume    = {9387},
  publisher = {Springer},
  year      = {2015},
  opturl       = {http://dx.optdoi.org/10.1007/978-3-319-25524-8},
  optdoi       = {10.1007/978-3-319-25524-8},
  isbn      = {978-3-319-25523-1},
  timestamp = {Thu, 22 Oct 2015 11:51:33 +0200},
  bibopturl    = {http://dblp.uni-trier.de/rec/bib/conf/prima/2015},
  bibsource = {dblp computer science bibliography, http://dblp.org}
}

@inproceedings{DBLP:conf/lics/RabinovichR12,
  author    = {Alexander Rabinovich and
               Sasha Rubin},
  title     = {Interpretations in Trees with Countably Many Branches},
  booktitle = {{LICS} 2012, Proceedings of the 27th Annual {IEEE} Symposium on Logic in Computer
               Science, Dubrovnik, Croatia, June 25-28, 2012},
  pages     = {551--560},
  year      = {2012},
  optcrossref  = {DBLP:conf/lics/2012},
  opturl       = {http://dx.optdoi.org/10.1109/LICS.2012.65},
  optdoi       = {10.1109/LICS.2012.65},
  timestamp = {Fri, 21 Nov 2014 14:08:56 +0100},
  bibopturl    = {http://dblp.uni-trier.de/rec/bib/conf/lics/RabinovichR12},
  bibsource = {dblp computer science bibliography, http://dblp.org},
}

proceedings{DBLP:conf/lics/2012,
  title     = {Proceedings of the 27th Annual {IEEE} Symposium on Logic in Computer
               Science, {LICS} 2012, Dubrovnik, Croatia, June 25-28, 2012},
  publisher = {{IEEE} Computer Society},
  year      = {2012},
  opturl       = {http://ieeexplore.ieee.org/xpl/mostRecentIssue.jsp?punumber=6275587},
  isbn      = {978-1-4673-2263-8},
  timestamp = {Fri, 21 Nov 2014 14:08:56 +0100},
  bibopturl    = {http://dblp.uni-trier.de/rec/bib/conf/lics/2012},
  bibsource = {dblp computer science bibliography, http://dblp.org}
}

@inproceedings{DBLP:conf/atal/Rubin15,
  author    = {Sasha Rubin},
  title     = {Parameterised Verification of Autonomous Mobile-Agents in Static but
               Unknown Environments},
  booktitle = {Proc. of the International Conference on Autonomous Agents
               and Multiagent Systems, {(AAMAS 2015)}},
  place = {             Istanbul, Turkey, May 4-8, 2015},
  pages     = {199--208},
  year      = {2015},
  optcrossref  = {DBLP:conf/atal/2015},
  opturl       = {http://dl.acm.org/citation.cfm?id=2772908},
  timestamp = {Fri, 15 May 2015 17:42:53 +0200},
  bibopturl    = {http://dblp.uni-trier.de/rec/bib/conf/atal/Rubin15},
  bibsource = {dblp computer science bibliography, http://dblp.org}
}

proceedings{DBLP:conf/atal/2015,
  editor    = {Gerhard Weiss and
               Pinar Yolum and
               Rafael H. Bordini and
               Edith Elkind},
  title     = {Proceedings of the 2015 International Conference on Autonomous Agents
               and Multiagent Systems, {AAMAS} 2015, Istanbul, Turkey, May 4-8, 2015},
  publisher = {{ACM}},
  year      = {2015},
  opturl       = {http://dl.acm.org/citation.cfm?id=2772879},
  isbn      = {978-1-4503-3413-6},
  timestamp = {Fri, 15 May 2015 16:18:42 +0200},
  bibopturl    = {http://dblp.uni-trier.de/rec/bib/conf/atal/2015},
  bibsource = {dblp computer science bibliography, http://dblp.org}
}

inproceedings{DBLP:conf/nzgrad/Rubin99,
  author    = {Sasha Rubin},
  title     = {Finite Automata and Well Ordered Sets},
  booktitle = {New Zealand Computer Science Research Students' Conference},
  pages     = {86--93},
  year      = {1999},
  timestamp = {Thu, 03 Jan 2002 12:06:39 +0100},
  bibopturl    = {http://dblp.uni-trier.de/rec/bib/conf/nzgrad/Rubin99},
  bibsource = {dblp computer science bibliography, http://dblp.org}
}

@inproceedings{DBLP:conf/prima/RubinZMA15,
author    = {Benjamin Aminof and
             Aniello Murano and
Sasha Rubin and
               Florian Zuleger},
  title     = {Verification of Asynchronous Mobile-Robots in Partially-Known Environments},
  booktitle = {{PRIMA} 2015: Principles and Practice of Multi-Agent Systems - 18th
               International Conference, Bertinoro, Italy, October 26-30, 2015, Proceedings},
  pages     = {185--200},
  year      = {2015},
  optcrossref  = {DBLP:conf/prima/2015},
  opturl       = {http://dx.optdoi.org/10.1007/978-3-319-25524-8_12},
  optdoi       = {10.1007/978-3-319-25524-8_12},
  timestamp = {Thu, 22 Oct 2015 11:55:04 +0200},
  bibopturl    = {http://dblp.uni-trier.de/rec/bib/conf/prima/RubinZMA15},
  bibsource = {dblp computer science bibliography, http://dblp.org},
}

proceedings{DBLP:conf/prima/2015,
  editor    = {Qingliang Chen and
               Paolo Torroni and
               Serena Villata and
               Jane Yung{-}jen Hsu and
               Andrea Omicini},
  title     = {{PRIMA} 2015: Principles and Practice of Multi-Agent Systems - 18th
               International Conference, Bertinoro, Italy, October 26-30, 2015, Proceedings},
  series    = {Lecture Notes in Computer Science},
  volume    = {9387},
  publisher = {Springer},
  year      = {2015},
  opturl       = {http://dx.optdoi.org/10.1007/978-3-319-25524-8},
  optdoi       = {10.1007/978-3-319-25524-8},
  isbn      = {978-3-319-25523-1},
  timestamp = {Thu, 22 Oct 2015 11:51:33 +0200},
  bibopturl    = {http://dblp.uni-trier.de/rec/bib/conf/prima/2015},
  bibsource = {dblp computer science bibliography, http://dblp.org}
}

