% Time-stamp: <irma.bib  3 nov 2009 19h28m50>
%%%%%%%%%%%%%%%%%%%%%%%%%%%%%
%%
%% Minimization of Automata
%%
%%%%%%%%%%%%%%%%%%%%%%%%%%%%%
%%%%%%%%%%%%%%%%%%%
% abbréviations   %
%%%%%%%%%%%%%%%%%%%
% My journals
@string{LINGUISTICS="Comput. Linguist."}
@String{CYBER    = "Cybernetics"}

%%%%%%%%%%%%%%%%%%%
% Bibliographie   %
%%%%%%%%%%%%%%%%%%%
@book{Aho&Hopcrof&tUllman:1974,
  author =	 "Aho, Alfred and Hopcroft, John E. and Ullman, Jeffrey D.",
  title =	 "The design and analysis of computer
                  algorithms",
  publisher =	 AW,
  year =	 1974
}

@book {Allouche&Shallit:2003,
  AUTHOR =	 {Allouche, Jean-Paul and Shallit, Jeffrey},
  TITLE =	 {Automatic sequences},
  PUBLISHER =	 CUP,
  YEAR =	 2003,
  PAGES =	 {xvi+571},
}

@article{Almeida&Zeitoun:2008,
  author    = {Jorge Almeida and
               Marc Zeitoun},
  title     = {Description and analysis of a bottom-up {DFA} minimization
               algorithm},
  journal   = IPL,
  volume    = {107},
  number    = {2},
  year      = {2008},
  pages     = {52-59},
}




@InProceedings{Baclet&Pagetti:2006,
  author =	 {M. Baclet and C. Pagetti},
  title =	 {Around {H}opcroft's algorithm},
  booktitle =	 CIAA06,
  pages =	 {114-125},
  year =	 2006,
  volume =	 4094,
  series =	 LNCS,
  publisher =	 SV
}

@InProceedings{Bassino&David&Nicaud:2009,
  author =	 {Fr\'ed\'erique Bassino and Julien David and Cyril
                  Nicaud},
  title =	 {On the average complexity of {M}oore's state
                  minimization algorithm},
  editor    = {S. Albers and J.-Y. Marion}, 
  booktitle =	 STACS09,
  year =	 2009,
  pages =	 {123-134},
  series =	 {Dagstuhl Seminar Proceedings},
  volume =	 09001,
}




@InProceedings{Beal&Crochemore:2007,
  author =	 {B\'eal, Marie-Pierre and Crochemore, Maxime},
  title =	 {Minimizing local automata},
  booktitle =	 {IEEE International Symposium on Information Theory
                  (ISIT'07)},
  pages =	 {1376-1380},
  year =	 2007,
  editor =	 {Caire, G. and Fossorier, M.},
  number =	 {07CH37924C},
  publisher =	 IEEEPR
}

@Book{Beauquier&Berstel&Chretienne:1992,
  author =	 {Beauquier, Dani\`ele and Berstel, Jean and
                  Chr\'etienne, Philippe},
  title =	 {{\'E}l\'ements d'algorithmique},
  publisher =	 {Masson},
  year =	 1992
}


@InProceedings{Berstel&Boasson&Carton:2008,
  author =	 {Jean Berstel and Luc Boasson and Olivier Carton},
  title =	 {Hopcroft's automaton minimization algorithm and
                  {S}turmian words },
  booktitle =	 DMTCS,
  pages =	 {-},
  year =	 2008,
  note =	 "accepted",
}

@TechReport{Berstel&Boasson&Carton:2009,
  author =	 {Jean Berstel and Luc Boasson and Olivier Carton},
  title =	 {Slow automata and {H}opcroft's minimization
                  algorithm},
  type =	 {in preparation},
  year =	 2009
}


@article{Berstel&Boasson&Carton:2009b,
  author =	 {Jean Berstel and Luc Boasson and Olivier Carton},
  title =	 {Continuant polynomials and worst-case behavior of
                  {H}opcroft's minimization algorithm},
  journal =	 TCS,
  volume =	 410,
  number =	 {30-32},
  year =	 2009,
  pages =	 {2811-2822},
}





@InProceedings{Berstel&Boasson&Carton&Fagnot:2007,
  author = 	 {Jean Berstel and Luc Boasson and Olivier Carton and 
                  Isabelle Fagnot},
  title = 	 {A first investigation of {S}turmian trees},
  booktitle =	 STACS07,
  pages =	 {73--84},
  year =	 2007,
  editor =	 {Wolfgang Thomas and Pascal Weil},
  volume =	 4393,
  series =	 LNCS,
publisher =	 SV,
  }

@incollection {Berstel&Carton:2004,
    AUTHOR = {Berstel, Jean and Carton, Olivier},
     TITLE = {On the complexity of {H}opcroft's state minimization
              algorithm},
 BOOKTITLE = CIAA04,
    SERIES = LNCS,
    VOLUME = {3317},
     PAGES = {35--44},
 PUBLISHER = SV,
      YEAR = {2004},
}

@Book{Berstel&Lauve&Saliola&Reutenauer:2008,
  author =	 {Berstel, Jean and Lauve, Aaron and Saliola, Franco
                  and Reutenauer, Christophe},
  title =	 {Combinatorics on Words: {C}hristoffel Words and
                  Repetitions in Words},
  publisher =	 AMS,
  year =	 2008,
  volume =	 27,
  series =	 {CRM Monograph Series}
}

@InCollection{Berstel&Perrin:2005,
  author =	 {Berstel, Jean and Perrin, Dominique},
  title =	 {Algorithms on words},
  booktitle =	 {Applied Combinatorics on Words},
  pages =	 {1--100},
  publisher =	 CUP,
  year =	 2005,
  editor =	 {M. Lothaire},
  volume =	 105,
  series =	 {Encyclopedia of Mathematics and its Applications},
  chapter =	 1
}


@InCollection{Berstel&Seebold:2002,
  author =	 {Berstel, Jean and S\'e\'ebold, Patrice},
  title =	 {Sturmian words},
  booktitle =	 {Algebraic combinatorics on words},
  pages =	 {45--110},
  publisher =	 CUP,
  year =	 2002,
  editor =	 {M. Lothaire},
  volume =	 90,
  series =	 {Encyclopedia of Mathematics and its Applications},
  chapter =	 2
}

@Article{Blum1996,
  author =	 {Blum, Norbert},
  title =	 {A {$O(n\log n)$} implementation of the standard
                  method for minimizing $n$-state finite automata},
  journal =	 IPL,
  year =	 1996,
  volume =	 57,
  pages =	 {65-69}
}


@article{BlumerBlumerHaussler1985,
  author =	 {Anselm Blumer and Janet A. Blumer and David Haussler and
                  Andrzej Ehrenfeucht and M. T. Chen and Joel
                  I. Seiferas},
  title =	 {The smallest automaton recognizing the subwords of a
                  text},
  journal =	 TCS,
  volume =	 40,
  year =	 1985,
  pages =	 {31-55},
}




@article {Borel&Reutenauer:2006,
  AUTHOR =	 {Borel, Jean-Pierre and Reutenauer, Christophe},
  TITLE =	 {On {C}hristoffel classes},
  JOURNAL =	 TIA,
  FJOURNAL =	 {Theoretical Informatics and
                  Applications. Informatique Th\'eorique et
                  Applications},
  VOLUME =	 40,
  YEAR =	 2006,
  NUMBER =	 1,
  PAGES =	 {15--27},
}



@Article{Cardon&Crochemore:82,
  author =	 {Cardon, Alain and Crochemore, Maxime},
  title =	 {Partitioning a graph in {$O(|A|\log_2|V|)$}},
  journal =	 TCS,
  year =	 1982,
  volume =	 19,
  pages =	 {85--98}
}




@Article{Carrasco&Forcada:2002,
  author =	 {Rafael C. Carrasco and Mikel L. Forcada},
  title =	 {Incremental construction and maintenance of minimal
                  finite-state automata},
  journal =	 LINGUISTICS,
  year =	 2002,
  volume =	 28,
  number =	 2
}

@InProceedings{Castiglione&Restivo&Sciortino:2007,
  author =	 {Castiglione, Guiseppa and Restivo, Antonio and
                  Sciortino, Marinella},
  title =	 {Circular words and automata minimization},
  booktitle =	 {Words 2007},
  pages =	 {79--89},
  year =	 2007,
  editor =	 {P. Arnoux and N. B\'edaride and J. Cassaigne},
  month =	 {17--21 september},
  organization = {Institut de Math\'ematiques de Luminy}
}

@InProceedings{Castiglione&Restivo&Sciortino&2008,
  author =	 {Giusi Castiglione and Antonio Restivo and Marinella
                  Sciortino},
  title =	 {Hopcroft's Algorithm and Cyclic Automata},
  booktitle =	 LATA08,
  pages =	 {172-183},
  year =	 2008,
  editor =	 {C. Mart\'{\i}n-Vide and F. Otto and H. Fernau},
  volume =	 5196,
  series =	 LNCS,
  publisher =	 SV,
  note =	 {Tarragona, Spain, March 13-19, 2008. Revised Papers}
}



@Article{Castiglione&Restivo&Sciortino:2009,
  author =	 {Castiglione, Guiseppa and Restivo, Antonio and
                  Sciortino, Marinella},
  title =	 {Circular {S}turmian words and {H}opcroft's
                  algorithm},
  journal =	 TCS,
  year =	 2009,
  volume =	 410,
  pages =	 {4372-4381},
}

@InProceedings{Champarnaud&Khorsi&Paranthoen:2002,
  author =	 {J.-M. Champarnaud and A. Khorsi and T. Parantho\"en},
  title =	 {Split and join for minimizing: {B}rzozowski's
                  algorithm},
  booktitle =	 {Prague Stringology Conference 2002},
  pages =	 {96-104},
  year =	 2002,
  editor =	 {M. Balik and M. Simanek},
  series =	 {Research report DC-2002-03},
  organization = {Czech Technical University of Prague}
}


@Article{	  Cohn:1969,
  author =	 {Cohn, P. M.},
  title =	 {Free associative algebras},
  journal =	 {Bull. Lond. Math. Soc.},
  fjournal =	 {The Bulletin of the London Mathematical Society},
  volume =	 {1},
  year =	 {1969},
  pages =	 {1--39}
}


@article{Crochemore:1986,
  author =	 {Maxime Crochemore},
  title =	 {Transducers and repetitions},
  journal =	 TCS,
  volume =	 45,
  year =	 1986,
  pages =	 {63-86},
}

@Book{Crochemore&Hancart&Lecroq:2007,
  author =	 {Maxime Crochemore and Christophe Hancart and Tierry
                  Lecroq},
  title =	 {Algorithms on {S}trings},
  publisher =	 CUP,
  year =	 2007
}

@InProceedings{Daciuk:2002,
  author =	 {Daciuk, Jan},
  title =	 {Comparison of construction algorithms for minimal,
                  acyclic, deterministic finite-state automata from
                  sets of strings},
  booktitle =	 CIAA02,
  pages =	 {255-261},
  year =	 2002,
  editor =	 {Champarnaud, J.-M. and Maurel, D.},
  publisher =	 SV,
  volume =	 2608,
  series =	 LNCS
}



@Article{Daciuk:2004,
  author =	 {Jan Daciuk},
  title =	 {Comments on "{I}ncremental construction and
                  maintenance of minimal finite-state automata" by
                  {Rafael C. Carrasco} and {Mikel L. Forcada}},
  journal =	 LINGUISTICS,
  year =	 2004,
  volume =	 30,
  number =	 2,
  pages =	 {227-235}
}

@Article{Daciuk&Mihov&Watson&Watson:2000,
  author =	 {Jan Daciuk and Stoyan Mihov and Bruce W. Watson and
                  Richard E. Watson},
  title =	 {Incremental construction of minimal acyclic
                  finite-state automata},
  journal =	 LINGUISTICS,
  pages =	 {3--16},
  year =	 2000,
  volume =	 26,
  number =	 1,
  month =	 {april}
}

@book {Graham&Knuth&Patashnik:1994,
  AUTHOR =	 {Graham, Ronald L. and Knuth, Donald E. and
                  Patashnik, Oren},
  TITLE =	 {Concrete mathematics},
  EDITION =	 {Second},
  PUBLISHER =	 AW,
  YEAR =	 1994,
  PAGES =	 {xiv+657},
}

@InProceedings{Gramlich&Schnitger:2005,
  author =	 {Gregor Gramlich and Georg Schnitger},
  title =	 {Minimizing {NFA}'s and regular expressions},
  booktitle =	 STACS05,
  pages =	 {399-411},
  year =	 2005,
  volume =	 3404,
  series =	 LNCS,
  publisher =	 SV
}

@Article{Gries:1973,
  author =	 {Gries, David},
  title =	 {Describing an algorithm by {H}opcroft},
  journal =	 AI,
  year =	 1973,
  volume =	 2,
  pages =	 {97--109}
}

@InProceedings{Hopcroft1971,
  author =	 {John E. Hopcroft},
  title =	 {An $n \log n$ algorithm for minimizing states in a
                  finite automaton},
  booktitle =	 {Theory of {M}achines and {C}omputations},
  editor =	 {Z. Kohavi and A. Paz},
  pages =	 {189-196},
  year =	 1971,
  publisher =	 AP
}



@book(Hopcroft&Ullman:1969,
  author =	 {John E. Hopcroft and Jeffrey D. Ullman},
  title =	 {Formal Languages and their Relation to
                  Automata},
  publisher =	 AW,
  year =	 1969,
)


@Article{Jiang&Ravikumar:1993,
  author =	 {Tao Jiang and Bala Ravikumar},
  title =	 {Minimal {NFA} problems are hard},
  journal =	 SIAMJC,
  year =	 1993,
  volume =	 22,
  number =	 6,
  pages =	 {1117-1141}
}

@InProceedings{Jirasek&Jiraskova&Szabari:2007,
  author =	 {Jozef Jir{\'a}sek and Galina Jir{\'a}skov{\'a} and
                  Alexander Szabari},
  title =	 {Deterministic blow-up of minimal nondeterministic
                  finite automata over a fixed alphabet},
  booktitle =	 DLT07,
  pages =	 {254-265},
  year =	 2007,
  editor =	 {J. Karhum\"aki and A. Lepist\"o},
  volume =	 4588,
  series =	 LNCS,
  publisher =	 SV
}

@article{Hancart:1993,
  author =	 {Christophe Hancart},
  title =	 {On {S}imon's string searching algorithm},
  journal =	 IPL,
  volume =	 47,
  number =	 2,
  year =	 1993,
  pages =	 {95-99},
  bibsource =	 {DBLP, http://dblp.uni-trier.de}
}



@Article{Knuutila:2001,
  author =	 {Timo Knuutila},
  title =	 {Re-describing an algorithm by {H}opcroft},
  journal =	 TCS,
  year =	 2001,
  volume =	 250,
  pages =	 {333-363}
}

@Article{Krivol:1991,
  author =	 {S. L. Krivol},
  title =	 {Algorithms for minimization of finite acyclic
                  automata and pattern matching in terms},
  journal =	 CYBER,
  year =	 1991,
  volume =	 27,
  pages =	 {324-- 331},
  note =	 {translated from Kibernetika, No 3, May-June 1991,
                  pp. 11--16.}
}



@Article{Malcher:2004,
  author =	 {Andreas Malcher},
  title =	 {Minimizing finite automata is computationally hard},
  journal =	 TCS,
  year =	 2004,
  volume =	 327,
  number =	 3,
  pages =	 {375-390}
}

@InProceedings{Moore:1956,
  author = 	 {E. F. Moore},
  title = 	 {Gedanken experiments on sequential machines},
  booktitle =	 {Automata Studies},
  pages =	 {129--153},
  year =	 1956,
  editor =	 {C. E. Shannon and J. McCarthy},
  publisher =	 {Princeton Universty Press}
}

@Article{Paige&Tarjan:1987,
  author =	 {Paige, Robert and Tarjan, Robert E.},
  title =	 {Three partition refinement algorithms},
  journal =	 SIAMJC,
  year =	 1987,
  volume =	 18,
  number =	 6,
  pages =	 {973--989}
}

@Article{Paige&Tarjan&Bonic:1985,
  author =	 {Paige, Robert and Tarjan, Robert E. and Bonic, R},
  title =	 {A linear time solution for the single function
                  coarsest partition problem},
  journal =	 TCS,
  year =	 1985,
  volume =	 40,
  number =	 1,
  pages =	 {67-84}
}


@Article{Paun&Paun&Rodriguez&Paton:2009,
  author =	 {Andrei Pa{\u u}n and Mihaela Pa{\u u}n and Alfonso
                  Rodr{\'{\i}}guez-Pat{\'o}n},
  title =	 {On {H}opcroft's minimization technique for {DFA} and
                  {DFCA}},
  journal =	 TCS,
  year =	 2009,
  volume =	 410,
  pages =	 {2424-2430}
}

@book {PytheasFogg:2002,
    AUTHOR = {Pytheas Fogg, N.},
     TITLE = {Substitutions in dynamics, arithmetics and combinatorics},
    SERIES = LNIM,
    VOLUME = {1794},
      NOTE = {Edited by V.\ Berth\'e, S.\ Ferenczi, C.\ Mauduit and A.\
              Siegel},
 PUBLISHER = SV,
      YEAR = {2002},
     PAGES = {xviii+402},
}


@Article{Revuz:1992,
  author =	 {D. Revuz},
  title =	 {Minimisation of acyclic deterministic automata in
                  linear time},
  journal =	 TCS,
  year =	 1992,
  volume =	 92,
  pages =	 {181--189}
}

@Article{Sgarbas&Fakotakis&Kokkinakis:2003,
  author =	 {Kyriakos N. Sgarbas and Nikos D. Fakotakis and
                  George K. Kokkinakis},
  title =	 {Optimal insertion in deterministic {DAWG}s},
  journal =	 TCS,
  year =	 2003,
  volume =	 301,
  pages =	 {103--117}
}


@InProceedings{Tamm&Ukkonen:2003,
  author =	 {Hellis Tamm and Esko Ukkonen},
  title =	 {Bideterministic automata and minimal representations
                  of regular languages},
  booktitle =	 CIAA03,
  pages =	 {61-71},
  year =	 2003,
  volume =	 2759,
  series =	 LNCS,
  publisher =	 SV
}

@Book{Tutte:1984,
  author =	 {Tutte, W. T.},
  title =	 {Graph {T}heory},
  publisher =	 AW,
  year =	 1984,
  volume =	 21,
  series =	 {Encyclopedia of Mathematics and its Applications}
}


@inproceedings{Valmari&Lehtinen:2008,
  author =	 {Antti Valmari and Petri Lehtinen},
  title =	 {Efficient Minimization of DFAs with Partial
                  Transition},
  editor =	 {S. Albers and P. Weil},
  booktitle =	 STACS08,
  year =	 2008,
  pages =	 {645-656},
  series =	 {Dagstuhl Seminar Proceedings},
  volume =	 08001,
}




@TechReport{Watson:1994,
  author =	 {Bruce Watson},
  title =	 {A taxonomy of finite automata minimization
                  algorithms},
  institution =	 {Faculty of Mathematics and Computing Science},
  year =	 1993,
  type =	 {Technical Report},
  number =	 {93/44},
  address =	 {Eindhove Univeersity of Technology}
}

