@article{GKMP06,
	title = {The Connectivity of Boolean Satisfiability: 
Computational and Structural Dichotomies},
	author = {Parikshit Gopalan and Phokion G. Kolaitis and 
Elitza N. Maneva and Christos H. Papadimitriou},
	journal = {CoRR},
	year = {2006},
	}

@book{LiVi97,
 author = {Ming Li and Paul Vit\'{a}nyi},
 title = {An introduction to Kolmogorov complexity and its 
applications (2nd ed.)},
 year = {1997},
 isbn = {0-387-94868-6},
 publisher = {Springer-Verlag New York, Inc.},
 address = {Secaucus, NJ, USA},
 }
 
@inproceedings{AcRT06,
 author = {Dimitris Achlioptas and Federico Ricci-Tersenghi},
 title = {On the solution-space geometry of random constraint 
satisfaction problems},
 booktitle = {STOC '06: Proceedings of the thirty-eighth annual 
ACM symposium on Theory of computing},
 year = {2006},
 isbn = {1-59593-134-1},
 pages = {130--139},
 location = {Seattle, WA, USA},
 doi = {http://doi.acm.org/10.1145/1132516.1132537},
 publisher = {ACM},
 address = {New York, NY, USA},
 }
 
 @inproceedings{Cour89,
 author = {Bruno Courcelle},
 title = {The Monadic Second-Order Logic of Graphs: Definable 
Sets of Finite Graphs},
 booktitle = {WG '88: Proceedings of the 14th International 
Workshop on Graph-Theoretic Concepts in Computer Science},
 year = {1989},
 isbn = {3-540-50728-0},
 pages = {30--53},
 publisher = {Springer-Verlag},
 address = {London, UK},
 }


@article{BLTV00,
    author = "Harry Buhrman and Ming Li and John Tromp and Paul Vit{\'a}nyi",
    title = "{Kolmogorov} Random Graphs and the Incompressibility Method",
    journal = "SIAM Journal on Computing",
    volume = "29",
    number = "2",
    pages = "590--599",
    year = "2000",
 }

@inproceedings{DBM00,
    author = "Olivier Dubois and Yacine Boufkhad and Jacques Mandler",
    title = "Typical random 3-{SAT} formulae and the satisfiability threshold",
    booktitle = "Symposium on Discrete Algorithms",
    pages = "126-127",
    year = "2000",
}

@misc{LCLMV03,
  author = "M. Li and X. Chen and X. Li and B. Ma and P. Vitanyi",
  title = "The similarity metric",
  text = "M. Li, X. Chen, X. Li, B. Ma, P. Vitanyi. The similarity metric. In Proc.
    of the 14th Annual ACM-SIAM Symposium on Discrete Algorithms, pp. 863-872,
    2003.",
  year = "2003",
  url = "citeseer.ist.psu.edu/li03similarity.html" }

@book{DoFe99,
    author = "R. G. Downey and M. R. Fellows",
    title = "Parameterized Complexity",
    publisher = "Springer",
    year = "1999",
}
