%% LaTeX2e file `refs.bib'
%% generated by the `filecontents' environment
%% from source `main' on 2017/05/17.
%%
@article{DBLP:journals/jacm/DrusinskyH94,
  author    = {Doron Drusinsky and
               David Harel},
  title     = {On the Power of Bounded Concurrency {I:} Finite Automata},
  journal   = {J. {ACM}},
  volume    = {41},
  number    = {3},
  pages     = {517--539},
  year      = {1994},
  url       = {http://doi.acm.org/10.1145/176584.176587},
  doi       = {10.1145/176584.176587},
  timestamp = {Thu, 26 Jan 2012 17:31:32 +0100},
  biburl    = {http://dblp.uni-trier.de/rec/bib/journals/jacm/DrusinskyH94},
  bibsource = {dblp computer science bibliography, http://dblp.org}
}

@inproceedings{DBLP:conf/focs/PetersonR79,
  author    = {Gary L. Peterson and
               John H. Reif},
  title     = {Multiple-Person Alternation},
  booktitle = {20th Annual Symposium on Foundations of Computer Science, San Juan,
               Puerto Rico, 29-31 October 1979},
  pages     = {348--363},
  year      = {1979},
  crossref  = {DBLP:conf/focs/FOCS20},
  url       = {http://dx.doi.org/10.1109/SFCS.1979.25},
  doi       = {10.1109/SFCS.1979.25},
  timestamp = {Tue, 16 Dec 2014 09:57:23 +0100},
  biburl    = {http://dblp.uni-trier.de/rec/bib/conf/focs/PetersonR79},
  bibsource = {dblp computer science bibliography, http://dblp.org}
}
