
@inproceedings{DBLP:journals/corr/LaroussinieMS15,
  author    = {Fran{\c{c}}ois Laroussinie and
               Nicolas Markey and
               Arnaud Sangnier},
  title     = {{ATLsc} with partial observation},
  booktitle = {GandALF 2015},
  pages     = {43--57},
  series    = {{EPTCS}},
  volume    = {193},
  year      = {2015}
}


@inproceedings
	{
	DBLP:conf/focs/PnueliR90,
	author			=	"A.~Pnueli and R.~Rosner",
	title				=	"{Distributed Reactive Systems Are Hard to Synthesize.}",
	booktitle		=	{FOCS'90},
	publisher		=	{IEEE},
	pages				=	"746-757",
	year				=	"1990"
	}
	
	
@inproceedings
	{
	DBLP:conf/atva/BerwangerMB15,
	author			=	"D.~Berwanger and A.~B.~Mathew and M.~van den Bogaard",
	title				=	"{Hierarchical Information Patterns and Distributed Strategy Synthesis.}",
	booktitle		=	{ATVA'15},
	series			=	"LNCS 9364",
	publisher		=	Springer,
	pages				=	"378-393",
	year				=	"2015"
	}

@InProceedings{Schewe2007,
  Title                    = {Distributed Synthesis for Alternating-Time Logics},
  Author                   = {Schewe, Sven and Finkbeiner, Bernd},
  Booktitle                = {ATVA'07},
  Year                     = {2007},
  Editor                   = {Namjoshi, Kedar S. and Yoneda, Tomohiro and Higashino, Teruo and Okamura, Yoshio},
  Pages                    = {268--283},
  Publisher                = {Springer},

  Aaddress                 = {Berlin, Heidelberg},
  Doi                      = {10.1007/978-3-540-75596-8_20},
  ISBN                     = {978-3-540-75596-8},
  Url                      = {http://dx.doi.org/10.1007/978-3-540-75596-8_20}
}


@inproceedings
	{
        DBLP:conf/lics/KupfermanV01,
	author			=	"O.~Kupferman and M.Y.~Vardi",
	title				=	"{Synthesizing Distributed Systems.}",
	booktitle		=	{LICS'01},
	publisher		=	{IEEE},
	pages				=	"389-398",
	year				=	"2001"
	}